2215 2979
111 292 225 326 cilium
252 291 450 334 ingressuS‚
480 301 553 322 eam
580 290 782 336 occupavit,
811 289 915 323 resin
941 287 1096 322 ordinem
1125 285 1276 330 redegit,
1300 284 1485 333 palatium,
1511 284 1643 323 aeraria,

110 351 309 386 thesauros,
336 347 461 381 horrea
487 351 520 379 et
548 359 642 380 arma
671 347 864 394 prehendit,
896 352 929 381 et
965 353 1127 394 tympana
1156 344 1286 391 pulsari
1322 344 1480 391 festaque
1519 342 1642 377 hilaria

111 409 279 446 celebrari
304 406 418 454 jussit.

209 467 275 501 Die
302 469 441 512 postero
468 460 650 498 Mercurii,
678 462 786 507 primo
818 462 982 509 Redjebi,
1010 461 1244 502 illucescente,
1269 461 1471 505 Abu-said,
1498 469 1644 515 impera-

111 534 166 560 tor
189 523 449 561 Muslemorum,
479 519 642 566 epalatio
672 520 925 565 Rallat-'l'azar,
954 535 1086 556 summo
1115 527 1238 556 ornatu
1256 526 1289 554 et
1304 534 1518 569 cummagno
1540 539 1644 573 appa-

111 590 189 618 ratu
220 588 315 617 extra
344 579 464 614 urbem
492 578 704 625 procedens,
732 579 778 613 ibi
804 581 916 615 denuo
945 581 988 615 al)
1017 582 1187 615 universis
1211 580 1459 616 Merinidarum
1486 584 1646 619 tribubus

111 650 144 678 et
192 640 353 676 omnibus
387 637 587 680 Ars-bibus,
634 639 820 685 Hispanis,
875 638 1050 688 el--aylezaeiz
1100 646 1133 674 et
1175 639 1451 676 Christianorum
1501 643 1647 679 ducibus

112 715 173 737 rex
200 701 390 741 salutatus,
419 703 538 745 postea
565 704 816 732 sacramentum
841 699 920 734 lidei
948 714 965 733 a
993 699 1139 747 faqiliis,
1170 697 1318 732 sanctis¹
1353 705 1385 732 ct
1423 700 1519 735 urbis
1551 703 1647 750 prin-

113 759 249 807 cipibus
277 758 429 804 aceepit,
465 769 505 790 ex
531 756 634 789 animi
662 756 836 791 hominum
866 772 1036 793 consensu
1064 764 1096 792 et
1124 758 1241 791 intima
1271 757 1456 794 dilectione
1489 760 1648 795 omnihus

114 816 190 850 aliis
218 814 441 863 praehabitus.
494 813 583 846 Nam
604 813 698 847 Deus
719 814 903 848 virtutibus
919 815 993 861 ejus
1022 814 1213 861 splendidis
1241 815 1415 860 ingenium
1443 817 1647 865 adjunxerat

114 889 319 921 generosum
348 881 381 910 et
409 886 533 916 suave,
564 885 640 906 cum
671 872 809 907 dotibus
838 874 1018 908 laudandis
1061 880 1094 908 et
1126 875 1255 908 meritis
1300 876 1414 921 [275]
1457 878 1649 924 pulcherri-

114 933 196 967 mis²
224 946 264 967 ae
289 929 475 980 probatis³.
530 930 708 973 Prudens,
735 933 831 978 pius,
867 946 947 979 erga
981 946 1099 967 omnes
1133 933 1322 968 Muslemos
1357 935 1523 978 clemens,
1562 950 1647 985 prar-

113 993 248 1027 stantiis
276 989 551 1029 abundantibus,
583 991 750 1038 sapientia
773 999 914 1026 sanante
942 993 1071 1031 clarus,
1097 993 1168 1027 sinc
1193 1007 1260 1041 qna
1289 995 1469 1042 imperium
1505 998 1650 1031 sustinc-

113 1053 141 1086 ri
170 1065 238 1086 non
258 1057 388 1098 potest,
406 1049 458 1083 liis
487 1055 596 1096 pocta)
624 1049 780 1083 versibus
804 1053 957 1097 apprime
977 1051 1178 1098 respondet:

163 1111 361 1145 lihalil'atns
389 1122 449 1144 sua
477 1116 618 1156 sponte,
649 1122 782 1156 syrmas
812 1110 950 1145 trahens
963 1110 981 1149 ²,
1010 1110 1052 1144 ad
1083 1124 1158 1145 eum
1189 1112 1290 1144 venit.

165 1171 254 1204 Nam
287 1182 363 1204 eum
387 1168 496 1202 solum
524 1167 581 1201 illc
607 1166 739 1209 decuit,
767 1169 856 1202 sieut
879 1170 953 1216 ipse
980 1169 1074 1202 illum
1103 1169 1210 1203 decet.

165 1227 201 1260 Si
229 1226 317 1261 alius
342 1227 525 1273 quisquam
554 1238 630 1258 cum
657 1224 904 1265 desiderasset,
933 1232 1023 1260 terra
1053 1239 1134 1260 sane
1162 1232 1251 1260 mota
1277 1231 1378 1259 esset.

116 1288 340 1322 Sam-amento
372 1285 452 1319 fidei
491 1283 651 1317 absoluto
683 1290 716 1317 et
747 1283 850 1317 rebus
885 1284 1043 1317 omnibus
1079 1285 1293 1329 compositis,
1327 1284 1525 1325 Mei-inidis,
1560 1286 1651 1319 Ara-

115 1346 216 1381 bibus
245 1353 278 1381 et
305 1343 471 1379 militibus
500 1343 664 1390 pecunias
692 1342 882 1382 distribuit,
915 1343 1044 1391 faqihis
1085 1344 1284 1390 sanctisque
1312 1343 1400 1377 dona
1422 1343 1526 1387 dedit,
1555 1350 1587 1378 ct
1613 1358 1652 1378 o-

117 1406 272 1448 mnibus,
301 1411 369 1439 tam
397 1404 539 1438 summis
571 1416 673 1450 quam
702 1402 843 1443 infimis,
869 1416 944 1437 sese
978 1404 1085 1448 gessit.
1118 1403 1302 1437 liberalem.
1356 1404 1425 1438 Res
1452 1405 1584 1451 imperii
1614 1416 1653 1437 ac

117 1465 335 1499 subditorum
375 1463 651 1505 examinaturus,
692 1461 844 1495 tribunal
887 1462 1106 1504 conscendit,
1141 1469 1173 1496 et
1206 1463 1279 1509 ipsc
1315 1475 1454 1497 caussas
1483 1464 1654 1509 cognovit.

119 1524 268 1572 [njurias
301 1523 479 1557 hominum
514 1521 655 1559 tollens,
692 1521 891 1568 tributaque
925 1522 1136 1561 diminuens,
1172 1522 1306 1555 vinctos
1347 1521 1506 1557 libertate
1545 1522 1655 1556 dona-

120 1586 184 1623 vit,
220 1585 261 1618 iis
293 1590 406 1617 tamen
447 1582 620 1628 exceptis,
663 1582 723 1628 qui
757 1581 1010 1626 sanguinolenti
1045 1587 1077 1615 et
1105 1580 1238 1625 legibus
1273 1580 1423 1615 damnati
1451 1583 1485 1615 in
1517 1595 1655 1616 carcerc

120 1649 217 1677 erant
241 1656 281 1677 ac
302 1656 356 1677 res
383 1641 552 1676 nefandas
568 1642 602 1674 in
627 1647 717 1675 terra
747 1647 1041 1688 perpetraverant.
1069 1641 1317 1687 Elecmosynas
1345 1640 1492 1673 inlirmis
1509 1646 1542 1674 et
1568 1653 1655 1686 pau-

118 1701 260 1749 peribus
296 1701 455 1739 seeretis,
490 1702 548 1748 qui
582 1699 729 1734 familias
763 1699 939 1734 habebant
975 1700 1134 1739 alendas,
1170 1699 1243 1733 dari
1276 1699 1389 1745 jussit.
1450 1699 1604 1732 Fesauos
1637 1714 1655 1734 a

120 1759 348 1806 vectigalibus
375 1759 555 1802 liberavit,
585 1774 661 1807 quae
690 1761 874 1808 quotannis
902 1774 919 1793 a
946 1760 1083 1807 przrdiis
1103 1760 1223 1793 a‘rario
1250 1758 1413 1792 solvenda
1441 1757 1554 1791 adhue
1580 1758 1657 1793 fue-

118 1822 206 1851 ¹ant.
258 1818 382 1865 Itaque
417 1831 456 1852 co
492 1824 658 1864 regnante
693 1832 748 1852 res
785 1819 907 1851 civium
943 1818 1150 1855 floruerunt,
1190 1822 1223 1850 et
1257 1815 1346 1849 bona
1382 1828 1498 1849 eorum
1534 1827 1655 1849 creve-

120 1883 210 1912 runt.
262 1877 346 1911 Dics
371 1883 452 1911 sunt
469 1878 650 1912 clarissimi
678 1879 711 1911 in
741 1877 806 1911 hoc
834 1890 954 1922 regno,
977 1876 1066 1910 hona
1096 1876 1187 1910 aliud
1203 1876 1295 1910 aliud
1325 1877 1485 1910 continue
1503 1889 1658 1923 sequun-

119 1933 194 1979 tur,
230 1935 376 1975 subditi,
405 1938 516 1983 gratia
557 1938 638 1975 Dei,
672 1943 764 1971 statu
793 1936 943 1981 gaudent
976 1935 1194 1969 mollissimo5
1225 1942 1258 1969 et
1285 1942 1367 1982 potu
1395 1935 1505 1974 dulci,
1536 1934 1656 1970 umbra

119 2001 341 2042 protegente,
372 1997 468 2044 asylo
495 2009 636 2037 securo,
664 1996 830 2030 felicitate
856 2007 1004 2033 summa,
1032 1995 1164 2039 integra
1192 2007 1294 2041 pace,
1318 1995 1365 2028 ita
1388 2000 1426 2027 ut
1453 2000 1573 2028 noctes
1598 2006 1658 2028 eo-

121 2068 196 2088 rum
226 2056 476 2102 pulcherrimeG
502 2056 640 2090 luceant
659 2062 692 2090 et
719 2056 791 2089 dies
819 2055 907 2088 sicut
934 2053 1021 2087 festa
1049 2061 1081 2088 et
1110 2053 1286 2088 sollemnia
1321 2052 1548 2087 celebrentur.
1575 2054 1658 2096 Quae

121 2113 234 2147 omnia
262 2127 281 2148 a
309 2114 381 2148 fido
407 2115 497 2149 illius
527 2114 696 2148 lzlialifatu
726 2120 759 2148 et
786 2112 1025 2147 benedictione
1060 2112 1240 2146 imamatus
1274 2113 1490 2159 imperatoris
1524 2114 1660 2150 Musle-

122 2183 271 2210 morum,
292 2172 327 2205 in
354 2185 423 2219 quo
448 2173 476 2205 is
502 2171 672 2218 justitiam
700 2171 765 2205 sibi
796 2177 874 2204 ante
902 2169 1011 2204 oeulis
1036 2183 1189 2218 ponens,
1217 2170 1371 2205 habenas
1398 2173 1494 2216 regni
1522 2174 1662 2220 propria

121 2241 223 2263 manu
254 2235 357 2264 tenet.
411 2230 558 2277 Imperia
590 2229 666 2276 ejus
690 2235 724 2264 et
750 2228 905 2270 decreta,
934 2233 1002 2261 tam
1031 2241 1049 2262 a
1083 2228 1283 2276 potentibus
1297 2243 1399 2277 quam
1427 2229 1471 2264 al)
1498 2232 1659 2267 invalidis

231 2329 252 2371 ¹)
274 2329 391 2372 ςζρλκὶἱ,
421 2344 447 2364 a.
553 2329 576 2372 ²)
603 2325 693 2362 ω
724 2343 748 2363 c.
857 2328 880 2371 3)
906 2329 1030 2377 3))4λέᾁῗ
1059 2332 1090 2364 b.
1208 2330 1231 2373 ⁴)
1256 2331 1346 2374 'kg-5935
1373 2332 1544 2378 legendum
1570 2340 1660 2379 puto.

126 2382 149 2422 ⁵)
175 2381 275 2424 'fef-*5³9
302 2382 396 2419 023>
419 2382 445 2422 Q}
466 2383 497 2414 b.
525 2386 609 2429 2-*232
622 2393 648 2414 e.
677 2395 762 2428 ῳ)
792 2393 817 2412 e.
925 2379 949 2421 ὓ)
974 2380 1083 2427 ρᾶῴζι
1118 2393 1143 2414 e.
