2215 2979
1229 215 1500 246 -276—

601 328 720 362 quam,
753 324 864 359 neque
894 311 1042 345 interdiu
1073 324 1137 346 nec
1171 316 1276 346 noctu
1308 311 1523 345 incursiones
1559 310 1672 356 [215]
1707 310 1899 346 intermisit.
1950 312 2022 348 Sub
2049 326 2129 348 um·-

599 371 661 405 bra
689 372 866 416 signorum
890 375 923 403 et
947 370 1041 404 lituis
1070 383 1175 418 super
1196 371 1308 417 eapite
1333 383 1396 404 suo
1427 369 1654 413 sonantibus,
1687 369 1744 404 ille
1771 369 1972 406 maledictus
1999 378 2129 406 tantam

599 425 765 460 adversus
796 426 1046 462 Muslemorum
1077 429 1318 475 imperatorem
1349 427 1422 475 jam
1458 427 1556 461 duxit
1589 439 1745 468 manum,
1773 432 1812 460 ut
1843 426 1954 459 noetis
1980 428 2130 463 tenebris

598 483 676 517 aut¹
709 484 810 518 undis
844 486 947 519 maris
980 487 1158 520 aestuantis
1193 486 1313 520 similis
1340 485 1526 520 videretur.
1579 485 1763 532 Equitatus
1792 489 1825 518 et
1853 482 2027 531 peditatus
2054 492 2132 519 tur-

599 542 717 575 matim
742 549 774 576 et
795 555 857 588 per
884 544 1036 587 agmina,
1064 544 1210 589 vestigia
1236 545 1313 591 ejus
1337 543 1511 589 legentes,
1537 543 1641 577 armis
1661 541 1794 590 proelio
1820 540 2009 588 expeditis,
2033 548 2133 589 puta-

598 606 697 639 runt,
726 614 763 634 se
790 601 865 635 fore
889 601 964 648 ejus
994 602 1195 637 defensores
1218 608 1251 637 et
1276 602 1413 636 auxilia.
1449 602 1584 636 Loricae
1613 606 1646 635 et
1673 599 1851 647 equitecti
1867 605 1964 633 erant
1987 598 2137 646 chalybe

598 659 789 705 composito
820 665 853 692 et
877 659 1015 694 laminis
1039 660 1171 695 ferreis.
1211 661 1295 703 Quae
1321 673 1427 708 quum
1454 658 1588 694 videret
1616 657 1864 692 Muslemorum
1892 657 2079 703 imperator
2101 660 2136 690 et

599 718 780 752 consilium
799 717 977 752 adoriendi
995 732 1112 753 eorum
1136 719 1352 764 intelligeret,
1378 717 1528 766 praedam
1545 717 1658 752 tutelae
1682 716 1773 750 mille
1796 716 1948 763 equitum
1965 729 1982 750 e
1998 715 2137 750 Merini-

598 777 651 811 dis
678 777 899 811 nobilissimis
926 779 1143 812 commissam
1170 778 1351 824 praemisit,
1372 783 1406 812 et
1426 777 1503 824 ipse
1520 790 1598 811 enm
1621 781 1694 810 tota
1714 774 1920 809 bellatorum
1934 787 2053 812 manu,
2074 772 2138 807 ho-

599 837 643 870 sti
667 837 728 870 Dei
749 835 876 870 infideli
897 850 1116 871 occursurus.
1143 842 1326 870 cunctatus
1347 842 1409 871 est.
1436 836 1490 869 Ex
1506 848 1594 883 equo
1607 833 1830 872 descendens,
1847 832 2022 866 ablutione
2038 843 2138 865 sacra

601 896 758 937 Iunctus,
786 896 872 930 duas
900 897 994 930 rihas
1021 901 1183 943 precatus
1211 901 1262 928 est
1288 901 1321 929 et
1347 893 1507 929 manibus
1535 893 1698 935 sublatis,
1724 904 1846 940 preces
1873 890 1987 925 dicere
2008 890 2139 937 coepit,

601 954 727 1002 quibus
754 955 910 989 Muslemi
938 968 1037 989 amen
1064 954 1310 988 acclamarunt.
1349 953 1390 986 In
1417 952 1485 987 fine
1511 965 1673 999 precum,
1700 951 1816 986 eadem
1832 963 1871 985 ac
1892 950 2067 998 Propheta
2083 949 2141 985 dic

600 1013 705 1048 Bedri
732 1014 835 1048 sociis
863 1014 934 1047 suis
962 1018 1168 1060 appi-ecatus
1198 1017 1268 1053 est,
1296 1010 1400 1044 dixit:
1428 1011 1525 1045 ”Hoc
1554 1022 1696 1055 agmen,
1724 1023 1744 1044 o
1770 1010 1884 1053 Deus,
1913 1008 2057 1055 adjuves
2084 1006 2140 1040 id-

601 1085 668 1119 que
693 1084 830 1111 serves,
859 1076 892 1105 et
919 1071 952 1104 in
980 1083 1096 1117 pugna
1126 1076 1246 1105 contra
1272 1069 1407 1103 hostem
1435 1074 1531 1103 tuum
1558 1069 1588 1103 ei
1617 1081 1715 1115 opem
1745 1068 1854 1105 feras,
1881 1066 1973 1100 adsis
1998 1070 2031 1100 et
2053 1062 2139 1099 sub-

603 1131 752 1166 venias.'⁷

806 1131 899 1165 Deus
929 1130 1019 1164 votis
1051 1142 1224 1169 annuens,
1255 1127 1457 1162 modestiam
1493 1129 1675 1162 miseratus
1704 1133 1756 1162 est
1783 1133 1816 1162 et
1843 1126 2142 1174 supplicationem.

603 1189 770 1224 Precibus
808 1189 913 1223 linitis
948 1201 1073 1236 equum
1107 1186 1363 1224 conscendens,
1396 1187 1504 1221 aciem
1539 1187 1702 1221 instruxit
1729 1192 1762 1221 et
1789 1199 1913 1234 pugnae
1940 1183 2143 1232 proelioque

602 1248 748 1296 paravit.
799 1246 888 1280 Filio
922 1244 1168 1293 Abu-‹laqubo
1200 1245 1305 1279 emiro
1340 1244 1457 1290 primae
1491 1245 1577 1280 aciei
1612 1245 1795 1294 praelecto,
1822 1245 1866 1280 ad
1897 1242 2142 1279 Merinidarum

603 1308 796 1354 principes,
825 1306 931 1340 duces
958 1304 1115 1339 Arabum
1141 1309 1174 1338 ct
1200 1302 1354 1337 tribuum
1382 1305 1494 1350 capita
1526 1305 1735 1351 procedens,
1771 1305 1849 1339 ”hic
1876 1303 1982 1347 dies''‚
2010 1300 2140 1348 inquit,

604 1367 644 1400 ”o
671 1366 791 1399 concio
819 1363 1067 1398 Muslemorum
1100 1369 1133 1397 et
1163 1361 1370 1396 bellatorum
1404 1361 1515 1407 legio,
1550 1376 1694 1408 magnus
1732 1368 1784 1398 est
1814 1368 1847 1398 et
1880 1362 1978 1396 loeus
2009 1365 2142 1406 marty-

606 1424 646 1457 rii
678 1422 832 1456 illustris.
891 1422 945 1455 En
978 1420 1175 1468 paradisum
1210 1425 1328 1466 portas
1361 1417 1459 1452 vobis
1499 1420 1709 1467 aperientem
1743 1426 1776 1454 et
1809 1419 1919 1454 solum
1953 1430 2052 1452 suum
2079 1429 2141 1451 or-

607 1481 761 1517 nantem!
815 1481 902 1515 Eum
937 1481 1042 1527 igitur
1076 1491 1208 1513 summo
1240 1477 1383 1525 quaerite
1411 1476 1536 1512 studio.
1589 1479 1683 1513 Deus
1710 1479 1798 1513 enim
1833 1478 1963 1511 animas
1990 1474 2142 1508 fidelium

607 1548 640 1575 et
670 1540 760 1574 bona
800 1538 960 1587 paradiso
997 1540 1087 1574 emit.
1148 1540 1271 1585 Itaque
1303 1537 1450 1570 maxima
1485 1537 1618 1570 connisi
1653 1536 1707 1577 vi,
1742 1546 1898 1582 paganos
1936 1529 2142 1572 debellate2‚

608 1595 741 1630 lidelesl
800 1596 839 1628 Si
871 1595 948 1641 quis
986 1593 1164 1631 ceciderit,
1198 1596 1330 1638 martyr
1361 1592 1542 1630 morietur,
1576 1597 1752 1639 superstes
1787 1603 1869 1624 vero
1902 1589 1994 1623 vivet
2027 1586 2144 1634 praedu

606 1653 721 1692 dives,
749 1650 888 1697 przrmio
916 1661 956 1682 ac
983 1648 1084 1682 laude
1111 1652 1264 1681 ornatus.
1317 1646 1410 1691 Ergo
1434 1649 1604 1694 patienter
1626 1652 1778 1695 pugnate
1805 1652 1838 1681 et
1862 1645 1990 1680 assidui
2015 1650 2143 1689 estote,

607 1709 717 1742 Deum
744 1708 922 1747 timente53
949 1704 1068 1737 toi-san
1096 1704 1143 1736 ita
1175 1703 1314 1736 fortuna
1343 1704 1486 1737 utemini
1512 1705 1694 1740 secundas⁷
1722 1705 1870 1746 Milites,
1896 1703 1962 1737 hae
1989 1704 2144 1736 oratione

607 1767 743 1807 audita,
771 1764 893 1798 animis
918 1762 962 1796 ad
995 1762 1197 1809 martyrium
1222 1760 1438 1795 subeundum
1466 1763 1654 1803 excitatis³‚
1681 1777 1719 1799 se
1750 1764 1896 1797 invicem
1921 1761 1965 1796 ad
1991 1761 2144 1796 ultimam

608 1825 849 1860 salutationem
877 1821 1026 1868 amplexi
1057 1826 1154 1858 sunt,
1188 1819 1270 1853 dum
1301 1819 1405 1853 corda
1431 1820 1542 1856 fracta
1568 1822 1804 1870 palpitabant,
1831 1829 1865 1857 et
1888 1823 2020 1865 animae,
2050 1834 2144 1856 mor-

608 1892 675 1919 tem
706 1883 777 1930 jam
811 1882 888 1915 vitae
925 1878 1182 1927 praehabentes,
1216 1877 1416 1925 paradisum
1449 1878 1491 1914 de
1521 1879 1659 1915 domino
1695 1894 1758 1916 sno
1791 1886 1871 1915 ante
1904 1880 2078 1914 interitum
2106 1892 2144 1914 e-

608 1954 701 1976 mere
725 1937 895 1973 volebant.
948 1936 1076 1981 Magna
1104 1947 1188 1969 voce
1212 1933 1291 1969 fidei
1315 1934 1471 1982 symbola
1499 1937 1634 1985 Deique
1657 1937 1776 1973 laudes
1802 1937 2029 1984 praedicantes
2056 1949 2144 1971 cuu-

611 2001 657 2034 eti
695 1998 903 2033 clamarunt:
942 1994 1100 2037 ”cavete,
1142 1993 1206 2027 Dei
1246 1994 1354 2031 servi,
1392 2006 1435 2027 ne
1474 1994 1673 2029 reeedatis.”
1736 1995 1986 2030 Muslemorum
2024 1994 2145 2029 fortis-

611 2058 686 2093 simi
718 2056 885 2091 adversus
919 2054 1196 2088 Christianorum
1231 2053 1348 2100 copias
1387 2058 1470 2087 tunc
1501 2058 1690 2101 properant
1724 2058 1758 2086 et
1789 2052 1963 2100 utrimque
1998 2064 2143 2087 concur-

610 2117 708 2149 ritur.
749 2114 873 2158 Pugna
902 2112 1101 2155 commissa,
1129 2110 1298 2158 proelium
1324 2111 1435 2145 saeviit
1460 2110 1565 2150 adeo,
1591 2116 1629 2145 ut
1655 2109 1704 2144 nil
1728 2110 1794 2144 nisi
1821 2109 1908 2144 tela*
1934 2109 1968 2142 in
1993 2108 2145 2144 Christi-

612 2185 695 2207 anos
723 2172 864 2209 emissa,
893 2169 1069 2204 stellarum
1096 2170 1204 2203 instar
1230 2168 1448 2214 fulgentium,
1477 2169 1628 2207 videres,
1656 2181 1733 2215 quae
1747 2168 1845 2215 quasi
1872 2179 2016 2214 poenam
2043 2173 2144 2201 aeter-

614 2244 690 2264 uam
717 2228 877 2264 hostibus
904 2228 969 2262 Dei
993 2227 1205 2273 infligerent,
1234 2238 1333 2260 enses
1366 2226 1569 2272 sanguinem
1595 2225 1826 2268 destillantes,
1855 2224 1966 2271 capita
1995 2222 2142 2258 hostium

722 2331 742 2371 ¹)
775 2329 900 2377 :suar-lli
937 2345 1007 2363 ..t-
1046 2327 1176 2378 9352le
1212 2341 1237 2360 a.
1273 2329 1304 2360 b.
1339 2327 1369 2359 d.
1402 2341 1427 2360 e.
1535 2325 1558 2367 2)
1592 2327 1680 2366 obp-‚e
1709 2327 1740 2359 b.
1848 2322 1870 2364 ³)
1903 2324 2073 2358 &dt-afflui
2112 2327 2141 2357 h.

626 2381 644 2415 ‘i
672 2380 759 2426 x*zv-,mii
795 2383 826 2412 b.
849 2393 876 2412 e.
903 2364 1043 2428 »3:⁴3³
1071 2392 1096 2411 e.
1129 2382 1160 2410 in
1190 2382 1347 2424 margine:
1372 2377 1500 2424 &5⁴4²ss
1526 2376 1592 2408 anabi
1697 2376 1722 2416 ὁ)
1751 2373 1857 2421 02:551ss
1883 2375 1913 2406 b.
