2215 2979
753 200 1022 231 -201—

120 302 306 337 devorasse
331 300 519 349 templique
545 306 688 349 portas,
718 299 906 334 secuudum
931 312 1047 334 earum
1080 311 1274 337 numerum,
1303 310 1379 345 qum
1398 295 1571 332 Gehennae
1598 297 1653 332 in·

121 367 220 403 sunt,
248 367 378 407 septem
409 360 542 394 t'eeisse.
595 359 664 393 Sed
692 358 842 393 fidelium
871 360 1078 407 imperator,
1107 358 1269 404 templum
1309 358 1503 402 ingressus,
1534 356 1569 391 id
1595 356 1655 391 ad-

121 421 250 454 mirans
281 432 412 453 summa
438 419 583 453 all'ectus
612 424 664 453 est
690 417 825 456 laetitia,
856 424 904 456 et,
935 431 1040 465 quum
1068 417 1109 451 de
1137 423 1314 464 portarum
1342 429 1484 450 numero
1519 428 1655 463 quaere-

121 484 191 520 ret,
216 478 490 525 responderunt,
520 490 577 512 eas
602 482 732 525 septem
761 488 854 515 esse,
883 476 939 510 illa
967 482 1112 524 excepta
1136 482 1278 516 octava,
1306 489 1368 523 per
1403 488 1505 524 quam
1543 474 1656 509 fideli-

120 551 178 572 um
204 538 390 584 imperator
419 538 619 570 intraverat.
672 536 734 568 llis
763 534 888 569 auditis
919 535 974 569 ille
1001 535 1103 569 dixit:
1143 534 1248 569 ”nihil
1287 540 1403 577 nocet,
1444 534 1538 583 quod
1574 533 1657 569 mihi

121 596 251 631 dictum
279 601 351 635 est,
380 595 519 643 quando
545 594 674 629 bonum
703 594 800 637 erit'⁷‚
826 600 858 627 et
883 595 1027 629 maxime
1052 595 1191 640 gavisus
1221 600 1282 629 est.

222 656 334 692 Quum
361 653 513 687 fidelium
541 654 728 700 imperator
763 652 1044 687 Murrel;0scl1am
1084 654 1232 688 venisset
1271 653 1388 701 ibique
1427 652 1657 695 consedisset,

121 711 458 747 Abu-Abd-Allaho
486 711 572 750 lilio,
606 712 765 745 el-Niisir
792 710 996 745 lidin-Allitli
1027 714 1284 758 cognominato,
1324 717 1577 746 sacramentum
1618 710 1658 745 fi-

121 772 176 806 dei
203 770 433 818 adjurandum
460 772 604 806 curavit.
659 770 784 805 Cuncti
813 770 1058 805 anuhhidiiae
1087 772 1115 805 ei
1154 771 1254 805 tidem
1280 771 1458 809 dixerunt,
1489 777 1522 805 et
1550 771 1585 804 in
1618 783 1658 805 ο-

121 830 279 874 mnibus,
310 844 386 877 quae
414 830 577 876 potestati
606 842 723 863 eorum
756 837 855 863 erant
881 828 1066 876 subjectae,
1100 829 1300 875 regionibus
1341 831 1438 875 regni
1476 842 1658 864 successor

122 891 260 936 agnitus
283 895 346 926 est.
400 889 476 922 lloc
505 901 585 922 vero
614 894 768 934 tempore
795 889 973 934 imperium
991 901 1120 927 eorum,
1149 902 1281 923 omnem
1307 889 1526 936 Hispaniam,
1558 889 1659 923 Mau-

121 949 280 983 ritaniam
315 955 348 982 et
386 947 543 982 Africam
574 947 653 982 inde
681 961 698 981 a
724 946 859 993 Tripoli
882 960 992 995 usque
1024 947 1066 981 ad
1094 947 1194 981 'Nun'
1221 949 1254 981 in
1279 948 1508 995 Stis-el-aqsa
1536 953 1569 982 et
1600 947 1658 982 de-

122 1014 251 1043 sertum
282 1008 316 1040 in
342 1013 432 1041 terra
462 1005 677 1040 meridionali
704 1006 955 1053 complectens,
983 1020 1100 1040 omnes
1125 1007 1368 1053 interjacentes
1395 1019 1521 1053 pagos,
1550 1019 1658 1046 arces,

122 1066 283 1106 castella,
311 1066 458 1113 oppidu,
485 1071 636 1107 montes,
664 1065 770 1099 valles
797 1078 936 1113 quoque
965 1067 1143 1101 continuit.
1196 1067 1324 1100 Gentes
1352 1065 1549 1099 habitantes
1580 1071 1658 1100 ten-

121 1124 230 1160 toria2
258 1124 413 1159 Arabum
440 1130 473 1158 et
502 1124 733 1159 Berberorum
767 1126 936 1158 universae
964 1125 1004 1158 iis
1035 1124 1221 1171 subjeetzr,
1250 1124 1450 1159 obedientes
1478 1137 1518 1158 ac
1533 1137 1659 1172 paren-

122 1191 174 1219 tes
202 1197 320 1218 corum
347 1183 505 1230 judiciis,
537 1183 702 1229 vectigal,
744 1183 1014 1231 eleemosynam,
1057 1184 1275 1231 decimasque
1312 1185 1376 1218 rite
1402 1183 1659 1232 pependerunt,

123 1244 220 1278 etin
244 1241 406 1290 precibus
448 1241 597 1290 publicis
632 1255 756 1277 nomen
799 1256 916 1277 eorum
964 1256 982 1277 e
1009 1244 1079 1277 suis
1120 1244 1387 1290 pronuntiarunt
1425 1241 1657 1288 suggestibus.

122 1301 436 1337 Abu-Abd-Allah
453 1301 630 1342 el-Nzisim
658 1308 876 1336 sacramento
902 1303 965 1336 rite
981 1307 1118 1348 recepto
1135 1308 1166 1336 et
1183 1301 1263 1336 sede
1290 1301 1439 1336 lihalitae
1471 1308 1658 1348 occupata,

122 1365 260 1395 nomine
287 1373 368 1399 suo,
397 1361 555 1408 quamvis
582 1366 680 1407 pater
707 1360 820 1395 adhue
847 1362 995 1399 viveret,
1023 1360 1151 1407 judicia
1177 1367 1210 1394 et
1239 1361 1378 1408 imperia
1416 1361 1658 1407 promulgavit.

123 1419 329 1454 El-Mansnr
355 1425 489 1463 autem,
519 1419 648 1466 palatio
673 1433 736 1454 suo
763 1420 1004 1457 absconditus.
1032 1419 1150 1453 morbo
1176 1419 1268 1453 letali
1294 1432 1372 1452 mox
1396 1426 1575 1465 correptus
1596 1425 1657 1453 est.

122 1478 312 1513 Doloribus
340 1478 679 1525 ingravescentil)u5‚
703 1480 825 1513 ”trium
854 1485 985 1513 tantum
1008 1479 1153 1520 νει-ΜΡ,
1183 1477 1286 1517 dixit,
1315 1479 1421 1526 ’'quas
1449 1477 1578 1512 lehalit'a
1607 1478 1658 1513 te-

122 1538 174 1580 ci,
203 1551 256 1572 me
283 1537 368 1572 adeo
396 1537 568 1585 poenitet,
596 1543 634 1572 ut
673 1551 730 1572 eas
772 1538 917 1572 infectas
953 1537 1125 1584 pervelim.
1178 1538 1293 1571 Prima
1316 1543 1389 1581 est,
1412 1537 1504 1585 quod
1519 1536 1657 1571 Arabas

123 1609 167 1632 ex
192 1597 315 1630 AfriCa
342 1597 376 1630 in
403 1596 644 1630 Mauritaniam
672 1596 854 1634 transtuli:
883 1596 945 1630 bos
975 1597 1063 1630 enim
1104 1595 1309 1630 seditionum
1352 1596 1426 1630 sore
1469 1594 1659 1636 auctores³,

121 1655 194 1704 jam
222 1656 305 1690 scio.
357 1655 477 1689 Altera
506 1661 574 1697 est,
602 1654 887 1690 Rabat-el-Fath
913 1655 1107 1697 eonditum‚
1137 1655 1230 1703 quod
1269 1668 1311 1690 ex
1354 1656 1474 1689 :erario
1517 1654 1659 1702 publico

122 1713 217 1749 haud
241 1727 387 1762 parvum
414 1715 603 1748 consumsit
630 1720 797 1756 sumtum,
825 1721 857 1748 et
899 1714 1118 1747 nibilominus
1160 1720 1277 1760 postea
1317 1715 1444 1748 mansit
1483 1713 1659 1748 inhabita-

122 1779 206 1809 tum.
260 1774 378 1808 Teztia
407 1773 557 1820 denique
598 1779 649 1808 est
689 1775 903 1821 captivorum
929 1773 1048 1807 Alai-hi
1078 1774 1249 1812 remissio,
1278 1774 1336 1821 qui
1371 1786 1390 1807 a
1423 1772 1525 1807 nobis
1565 1779 1660 1808 certo

122 1846 160 1868 se
186 1832 448 1867 ulciscentur-⁴'’
502 1833 588 1866 Post
615 1833 752 1867 ultimas
781 1846 943 1879 vesperae
962 1845 1083 1878 preces
1111 1832 1221 1866 noctis
1244 1832 1392 1866 Veneris
1420 1832 1533 1866 22:dae
1561 1831 1659 1866 Rebi'

122 1892 262 1941 prioris,
291 1904 381 1926 auno
410 1895 494 1936 595,
522 1892 557 1925 in
573 1904 653 1926 arce
668 1891 926 1926 Murrekosclur
956 1897 1110 1925 mortuus
1142 1897 1203 1925 est.
1256 1891 1350 1926 Deus
1378 1891 1472 1926 solus
1499 1898 1660 1935 aeternm,

125 1964 238 1999 neque
265 1951 355 1984 ullus
383 1950 542 1984 dominus
572 1964 636 1985 nee
667 1950 848 1988 colendus,
876 1951 939 1983 nisi
966 1950 1028 1984 Ille
1056 1953 1121 1984 est!
1152 1949 1363 1984 El-Mansur
1390 1964 1449 1985 rex
1478 1951 1543 1984 suit
1572 1952 1662 1985 inter

124 2009 383 2044 Muvabliiditas
411 2008 664 2046 nobilissimus,
693 2010 803 2043 sama⁵
834 2009 993 2043 inclaruit
1020 2021 1172 2049 summa,
1197 2014 1230 2042 et
1257 2010 1291 2042 in
1319 2009 1496 2052 omnibus,
1534 2009 1662 2057 quibus

125 2067 243 2114 reges⁶
269 2074 438 2114 praesunt,
464 2069 610 2112 negotiis
646 2069 884 2109 lelicissimus,
915 2082 990 2116 quae
1033 2068 1257 2115 promiserat,
1295 2067 1468 2103 thesauris
1508 2067 1663 2114 gaudens

125 2127 250 2175 plenis,
278 2127 420 2171 largiter
448 2125 550 2161 dedit.
603 2127 730 2161 Animo
759 2127 895 2162 excelso
916 2127 1141 2173 cogitationes
1171 2139 1250 2161 vere
1278 2128 1390 2172 regias
1421 2126 1603 2174 conjunxit
1630 2132 1664 2162 el:

126 2187 304 2233 religionis
335 2192 437 2219 tenax
466 2184 621 2219 moi-ibus
649 2186 738 2220 inter
765 2186 950 2221 Muslemos
985 2186 1125 2220 eminuit
1152 2185 1404 2233 pulcherrimis.
1458 2186 1553 2221 Deus
1587 2199 1664 2221 eum

237 2286 256 2327 ¹)
283 2285 333 2330 ὁρ
361 2288 391 2319 b.
418 2300 443 2319 c.
470 2287 500 2318 d:
527 2287 586 2327 >m
615 2293 633 2326 -1-
654 2287 685 2320 d.
771 2286 793 2328 2)
817 2287 898 2326 οῳῑ
925 2288 982 2328 355
1009 2288 1040 2320 b.
1073 2287 1103 2319 d.
1130 2300 1155 2321 e.
1242 2286 1265 2328 ³)
1293 2288 1349 2328 μὶ
1373 2290 1405 2321 h.
1511 2287 1535 2329 ⁴)
1563 2286 1666 2331 „duum

129 2341 159 2371 b,
190 2337 347 2370 „dna-
370 2358 404 2363 —
426 2339 463 2380 ἲ),
491 2358 525 2363 -
549 2350 574 2370 c.
659 2338 682 2380 5)
709 2338 771 2378 ἴῳ
798 2351 825 2373 c.
907 2336 931 2380 ὅ)
955 2337 1023 2371 emt
1052 2350 1077 2371 e.
1112 2338 1198 2382 ὼᾷῐ,
1226 2341 1256 2371 b.
1281 2341 1356 2372 Post
1380 2341 1441 2372 hoc
1466 2351 1535 2372 voc.
1564 2352 1581 2372 e
1619 2345 1665 2371 te·

130 2396 187 2422 xtu
212 2389 347 2421 excidit:
375 2395 444 2430 κλμ
470 2394 515 2421 ΑΒ

1489 2450 1537 2482 26
