2215 2979
736 216 1008 247 —ffiaffl

105 314 315 349 Malim-remi
349 327 439 349 auno
470 318 559 354 500,
600 315 689 349 sicut
726 320 932 348 testamento
974 318 1112 361 cautum
1156 316 1247 353 erat,
1288 310 1547 346 Murrekosehae
1591 316 1638 348 25

105 387 214 408 annos
243 380 362 416 natus,
391 379 642 408 sacramentum
671 374 804 420 accepit
831 372 1026 410 fidelitatis,
1053 377 1086 405 et
1104 372 1291 417 imperator
1327 370 1479 405 fidelium
1506 385 1640 408 nuncu-

105 439 208 482 patus
235 438 297 467 cst.
347 433 505 478 Regnum
526 432 640 472 latius,
664 445 767 479 quam
806 431 899 479 quod
941 437 1040 479 pater
1081 435 1254 471 tenuerat,
1292 428 1348 464 liic
1371 429 1536 478 possedit.
1587 432 1641 466 Ο-

106 505 218 526 mnem
247 492 336 525 enim
363 492 606 526 Mauritaniam
635 490 714 525 inde
738 489 781 524 al)
810 489 898 524 urbe
919 488 1071 536 Bcdjaja
1101 487 1268 536 usquead
1299 488 1540 537 Sus-el-Aqsa
1555 503 1642 526 con-

106 549 291 598 plectens¹‚
316 551 473 595 regiones
498 563 638 597 quoquc
667 548 907 583 meridionales
934 547 1130 593 (οἰ-9111111)
1171 561 1189 581 a
1230 544 1425 594 Sidjilmfisa
1463 549 1505 582 ad
1540 549 1641 584 Mon-

105 615 157 643 tes
182 608 274 648 auri,
301 609 334 641 in
365 608 482 642 Sudan
511 610 613 649 sitos,
638 609 834 642 universam
863 607 1064 654 Hispaniam
1093 612 1160 639 tam
1189 606 1390 640 orientalem
1418 621 1520 655 quam
1549 610 1642 643 occi-

105 666 293 705 dentalem,
321 667 451 700 insulas
475 662 664 701 orientales
683 665 908 712 Majorcanff,
935 666 1127 699 Minoi-cam
1155 678 1195 699 ac
1219 665 1383 699 ‹labe-sani
1415 667 1643 715 comprehen-

106 725 173 764 dit,
199 730 233 759 et
259 737 380 771 preces
407 724 556 772 publicat
584 739 602 759 e
628 725 707 773 plus
734 728 832 758 2500
860 723 1082 769 suggestibus
1112 737 1176 771 pro
1208 737 1247 757 co
1274 724 1376 759 factae
1404 732 1494 760 sunt.
1548 728 1642 770 Quas

105 796 224 819 omnes
251 784 411 828 regiones
439 784 638 830 pacitieatas
666 784 815 830 accepit,
845 796 920 817 cuni
948 782 1118 816 thesauris
1147 782 1273 829 plenis,
1314 783 1449 818 civibus
1494 798 1643 821 concor-

106 842 208 878 dibus
237 847 270 876 et
297 841 402 876 relius
427 843 599 877 universis
636 844 670 877 in
697 842 826 877 bonum
864 841 1020 875 ordinem
1059 841 1219 875 redactis.
1270 843 1461 890 l'ostquam
1500 859 1643 890 regnum

106 901 306 950 capessivit,
333 902 476 947 primam
498 900 642 948 justitia¹
669 901 858 948 finiumque
882 899 1176 934 defendendorum
1205 914 1321 935 curam
1349 904 1418 947 egit
1448 909 1481 937 et
1514 903 1643 938 bellum

106 960 192 996 obiit
220 973 368 994 sacrum.
419 960 588 995 Carceres
617 961 719 995 ctiam
746 960 898 1006 apernit,
927 958 1064 993 divitias
1098 960 1312 1007 dispertivit,
1344 960 1480 996 urbium
1511 962 1643 1009 judicia

104 1018 282 1068 judicibus
310 1017 477 1062 reddidit,
505 1019 539 1052 in
567 1019 659 1053 omni
688 1018 812 1064 agendi
838 1019 972 1052 ratione
999 1019 1088 1052 viani
1118 1020 1225 1065 patris
1247 1025 1280 1053 ct
1312 1020 1453 1053 consilia
1492 1028 1643 1055 secutus.

105 1077 188 1113 Abu
213 1077 476 1112 Aba-Altahum
506 1077 746 1125 ben-cl-lladj
780 1078 971 1124 principem
999 1090 1016 1110 c
1049 1078 1256 1124 praefectura
1283 1078 1456 1113 Coi-(labat
1500 1079 1645 1114 dimovit

105 1143 140 1172 et
165 1136 540 1171 Abu-Abd-AlIidmm
564 1136 785 1171 Muhammetl
812 1135 1101 1171 lien-AIJi-cht'i3
1126 1136 1247 1170 ducem
1275 1138 1308 1170 in
1336 1137 1412 1185 ejus
1435 1138 1547 1172 locum
1567 1138 1644 1172 suf-

106 1195 200 1231 fecit.
257 1195 418 1229 Toletum
447 1196 643 1243 profectuS,
672 1195 889 1229 Christianos
917 1208 1025 1242 prope
1052 1194 1392 1238 Bab-el-Qantaram
1424 1196 1645 1245 (leimprovi-

105 1267 146 1289 so
173 1267 377 1300 aggressus,
401 1267 524 1300 magna
556 1254 652 1289 clade
686 1256 811 1289 affecit.
865 1254 940 1297 Ali,
976 1267 1081 1302 quum
1123 1254 1288 1288 Jusut'um
1314 1261 1447 1302 patrem
1473 1262 1644 1290 mortuum

106 1312 262 1348 vestibus
288 1314 360 1347 suis
386 1313 564 1353 induerat,
590 1313 632 1347 ad
660 1313 855 1347 Murabitos
883 1314 1006 1347 exiisse
1030 1314 1156 1350 fertur,
1202 1313 1319 1346 {ratris
1359 1313 1645 1348 Abu·l·'1‘h.=hiri

105 1371 254 1406 Temimi
292 1384 430 1405 manum
470 1378 600 1407 tenens.
652 1373 766 1407 Morte
794 1373 901 1420 patris
926 1372 1053 1419 populo
1080 1372 1298 1409 annuntiata,
1352 1372 1644 1415 Abu-l-Tlnfihir,

105 1443 244 1465 manum
269 1431 385 1465 manui
409 1431 481 1465 Alii
519 1430 688 1478 jungens,
715 1438 968 1466 sacramentnm
1011 1430 1088 1464 {idei
1131 1430 1217 1463 dixit
1280 1430 1388 1468 Tum,
1428 1432 1644 1470 ’'consistite,

105 1489 305 1532 Murabiti”,
333 1491 466 1537 inquit,
501 1491 559 1525 ”ut
588 1491 787 1538 imperatori
829 1490 980 1524 fidelium
1018 1488 1122 1523 Iidem
1159 1488 1356 1535 adj111·etis'⁷.
1409 1490 1556 1533 Omnes,
1585 1492 1645 1538 qui

106 1549 270 1591 aderant,
309 1549 561 1584 Lemtunenscs
613 1556 806 1597 cetera‘que
854 1547 1042 1594 Sunliadjae
1082 1547 1211 1588 trihus,
1250 1547 1360 1596 faqihi
1401 1555 1435 1583 et
1469 1550 1644 1596 principes

105 1609 258 1655 gentium
282 1607 506 1655 juramentun
530 1608 612 1642 tidei
640 1609 670 1643 ei
692 1609 936 1656 praestiterunt.
988 1609 1036 1640 lta
1066 1607 1218 1640 unanimi
1255 1620 1424 1642 consensu
1462 1608 1644 1643 Murrelzo-

107 1667 198 1702 schae
224 1668 412 1714 imperator
436 1668 673 1709 renuntiatus,
705 1667 840 1700 litteras
881 1680 943 1713 per
978 1665 1084 1699 urbes
1120 1665 1355 1707 Mauritania‘,
1398 1667 1575 1713 Ilispaniae
1612 1673 1646 1702 et

106 1727 286 1772 regionum
314 1726 588 1760 meridionalium
614 1738 732 1759 omncs
761 1726 1002 1762 circummisit,
1029 1724 1156 1771 quibus
1183 1730 1315 1770 patrem
1340 1731 1512 1759 mortuum
1539 1739 1646 1774 seque
1680 1743 1681 1746 ¹

106 1786 142 1818 in
168 1797 277 1830 regno
305 1785 514 1819 successisse
541 1785 715 1819 nuntiaret
742 1790 775 1817 et
802 1784 901 1817 simul
929 1783 995 1817 sibi
1029 1783 1108 1816 {idei
1149 1783 1339 1831 postularet
1382 1792 1646 1820 sacramentum.

105 1843 162 1877 Ex
188 1843 348 1878 omnibus
377 1844 481 1888 igitur
514 1843 672 1890 partibus
717 1842 807 1876 sides
832 1843 1001 1890 promissa
1039 1848 1091 1876 est
1118 1855 1157 1875 ac
1201 1842 1408 1887 legationes,
1444 1844 1647 1879 consolandi

106 1908 141 1936 et
169 1902 366 1948 gratulandi
396 1915 537 1945 caussa,
567 1902 790 1936 advenerunt.
843 1901 937 1935 Urbs
965 1902 1098 1935 Fesana
1127 1901 1198 1935 sola
1227 1902 1386 1935 cessavit.
1438 1903 1526 1936 'Nam
1559 1903 1646 1938 Jah-

104 1960 142 2007 ja
165 1961 263 1995 filius
290 1959 506 2003 Abi-Betui,
535 1962 612 2008 qui,
639 1961 794 1995 defuncti
821 1960 1039 2007 imperatoris
1067 1973 1175 2007 nepos
1204 1966 1236 1994 et
1261 1960 1349 1994 idem
1386 1961 1458 2007 jam
1498 1974 1646 2007 regnan-

106 2021 151 2054 tis
178 2019 425 2056 consobrinus,
456 2021 594 2054 nomine
623 2021 679 2054 avi
706 2019 786 2053 huie
812 2018 890 2052 urbi
922 2024 1084 2065 praeerat,
1113 2032 1218 2066 quum
1244 2019 1409 2053 Jusut‘um
1427 2033 1527 2054 avum
1555 2034 1647 2056 mor-

107 2085 204 2113 tuum
234 2078 348 2124 [105]
378 2085 412 2112 ct
437 2078 683 2113 consobrinum
708 2079 852 2126 imperio
880 2078 1027 2124 potitum
1051 2079 1261 2125 accepisset,
1289 2091 1360 2112 rem
1394 2092 1485 2125 aegre
1531 2079 1647 2115 serens

107 2142 142 2171 et
167 2143 421 2171 sacramentnm
448 2137 497 2171 illi
524 2137 652 2171 dietum
682 2137 844 2183 injuriam
872 2135 938 2169 sibi
963 2136 1101 2170 allatam
1126 2143 1272 2184 putans,
1300 2136 1491 2172 rebellavit.
1544 2139 1648 2174 Haud

106 2195 210 2243 pauci
234 2196 516 2230 Lcmtunensium
546 2196 651 2231 duces
681 2195 724 2229 ab
753 2195 828 2242 ejus
858 2194 1016 2242 partibus
1042 2201 1222 2229 steterunt.
1274 2195 1332 2230 Ali
1373 2197 1561 2244 imperator
1594 2199 1648 2233 ›fi-

107 2254 236 2290 delium
264 2254 509 2288 Mun-relioseha
536 2256 641 2300 igitur
668 2254 835 2289 adversus
864 2267 940 2288 cnm
968 2254 1164 2300 profectuS,
1191 2267 1272 2288 mox
1299 2254 1377 2289 urbi
1419 2257 1484 2291 ch
1519 2269 1648 2305 appro-

107 2314 299 2362 pinquavit.
353 2313 442 2346 Tum
467 2313 592 2362 Jahja,
620 2315 694 2348 sinc
717 2313 785 2348 ulla
813 2313 997 2347 resistendi
1032 2312 1217 2357 facultate,
1257 2312 1324 2347 sihi
1364 2315 1432 2362 ipsi
1470 2322 1645 2362 metucns,

215 2413 236 2456 ¹)
262 2428 354 2466 δᾲς)
374 2435 411 2440 —
431 2416 552 2455 -ffi,
576 2435 608 2440 —
634 2428 658 2452 e,
772 2414 794 2458 2)
817 2436 834 2459 2
869 2435 905 2441 —
928 2421 1012 2447 recte
1034 2427 1061 2447 a.
1088 2415 1121 2449 b.
1224 2414 1248 2458 3)
1274 2418 1331 2464 OE)-
1357 2428 1386 2453 c.
