2215 2979
1169 172 1444 202 —518—

551 266 714 312 palatium
742 265 776 298 in
800 277 889 298 nova
915 263 1003 298 urbe
1027 277 1045 298 a
1073 278 1111 299 se
1144 265 1369 309 aedificatum,
1400 280 1469 301 una
1503 280 1580 302 cum
1620 269 1749 315 templo
1772 275 1806 302 et
1838 269 2004 311 exhedra,
2041 285 2083 306 o-

551 322 666 355 mnino
693 320 891 355 ahsolutum
918 322 1059 356 invenit.
1110 322 1150 356 In
1180 325 1243 357 hoc
1279 323 1407 371 palatio
1440 329 1550 359 totum
1588 325 1806 359 Ramadhimi
1839 340 1988 363 mensem
2019 330 2085 365 ha-

550 382 681 421 bitam,
708 394 830 429 preces
858 381 925 416 diei
951 382 1100 416 veneris
1127 383 1162 416 in
1192 382 1268 429 ejus
1294 383 1445 430 templo,
1474 397 1595 431 preces
1625 397 1706 419 vero
1735 384 1914 432 el-iselesa'
1951 387 1986 420 in
2023 402 2085 423 ex-

550 439 656 474 hedra
684 442 835 488 peregit,
863 440 898 475 id
927 441 1020 489 quod
1055 454 1167 490 neque
1210 442 1360 476 interdiu
1400 456 1463 477 nee
1506 449 1610 477 noctu
1652 444 1846 478 intermisit.
1898 443 1954 478 Ab
1991 446 2085 480 initio

549 511 690 544 precum
719 499 762 534 ad
789 501 891 536 tinem
915 514 1032 536 earum
1058 503 1221 536 continue
1245 503 1286 536 iis
1301 502 1464 545 adhaesit,
1493 503 1614 541 donee,
1637 516 1753 537 mense
1779 503 1996 537 Ramadhani
2026 517 2086 538 ex-

550 564 672 601 eunte,
714 561 827 594 omnia
866 561 941 608 ejus
982 561 1094 595 officia
1131 567 1164 595 et
1205 561 1338 609 jejunia
1380 562 1601 609 pe1·egisset.¹
1653 561 1796 609 Faqilfi,
1836 574 1955 596 omnes
1983 560 2088 608 hujus

549 618 676 652 mensis
704 625 823 654 noctes
850 619 942 667 apud
974 634 1050 654 eum
1078 619 1262 665 (legenteS‚
1291 620 1333 655 de
1361 623 1465 655 variis
1481 622 1633 656 scientim.
1655 619 1840 666 generibus
1855 633 1932 654 eum
1961 632 2001 654 eo
2015 619 2089 653 col-

550 676 656 710 locuti
682 683 772 711 sunt.
824 679 943 712 Tertia
972 691 1054 712 vero
1081 679 1193 712 noetis
1220 678 1335 723 vigilia
1364 679 1406 713 ad
1435 680 1611 713 Coranum
1639 678 1822 724 legendum
1852 683 1885 712 et
1918 677 2089 724 colloquia

551 750 626 770 eum
655 736 728 770 Deo
756 736 914 772 habenda
941 738 1088 776 exstitit,
1118 743 1157 771 ut
1183 736 1250 771 sibi
1284 739 1432 771 animam
1468 744 1645 786 expeteret
1677 751 1809 785 puram.
1861 737 1977 771 Finito
2015 737 2089 770 Ra-

550 792 740 835 madhiino,
771 795 881 841 primo
910 794 964 829 die
994 794 1073 829 sesti
1099 794 1225 841 jejunii
1254 795 1436 842 rumpendi
1464 809 1481 829 a
1511 795 1638 830 sacello
1668 795 1710 829 ad
1738 795 1904 842 palatium
1929 807 2089 829 reversus

551 852 584 885 in
611 851 762 886 exhedra
799 853 957 887 consedit
990 859 1157 897 augusta,
1187 851 1246 886 ubi
1283 853 1533 887 Mei-initiarum
1566 853 1794 900 Arabumque
1828 853 2004 900 principes
2035 853 2090 886 in—

551 918 681 946 trantes
707 918 740 946 et
767 925 881 947 coram
912 927 951 947 eo
985 912 1162 952 collocati,
1192 912 1320 959 epulati
1357 919 1447 947 sunt.
1500 913 1650 948 Mensis²
1685 914 1846 951 remotis,
1885 912 2090 947 Abu-Faris

553 971 795 1006 Abd-cl-Aziz
823 972 1016 1007 ιῖοιιιίοἱίἰο3
1043 972 1246 1010 Μίἰιιιῑιείἲῃ,
1276 972 1458 1006 Melzuzita
1483 974 1632 1018 origine,
1661 972 1801 1020 taqihus
1830 972 1953 1006 doetus
1980 978 2013 1006 et
2029 971 2090 1006 de-

551 1038 626 1066 xter
653 1033 852 1080 imperatori
881 1045 1020 1066 carmen
1050 1030 1212 1069 tradidit,
1241 1032 1275 1064 in
1306 1045 1375 1079 quo
1403 1031 1492 1066 bella
1522 1033 1740 1079 imperatoris
1770 1032 1834 1066 hoe
1860 1045 1950 1066 anno
1977 1038 2090 1077 gesta,

550 1090 698 1125 {iliorum
739 1098 974 1139 nepotumque
1013 1090 1242 1138 expeditionis
1274 1091 1447 1132 narravit,
1487 1090 1598 1124 tribus
1626 1090 1894 1130 Merinidarum,
1929 1092 1963 1125 in
1999 1091 2091 1126 clas-

551 1164 604 1185 ses
647 1164 728 1184 suas
768 1151 925 1197 singulas
964 1151 1171 1197 dispositas,
1218 1150 1426 1191 celebravit,
1470 1152 1615 1195 gloriam
1655 1165 1792 1190 earum,
1833 1151 1867 1184 in
1904 1149 1996 1184 hello
2032 1160 2090 1181 sa-

551 1224 609 1245 ero
637 1210 874 1245 assiduitatem
903 1216 936 1244 et
963 1210 1141 1255 religionis
1170 1209 1372 1257 pra-dicavit
1409 1223 1537 1244 curam.
1592 1212 1719 1244 Varias
1755 1222 1896 1257 quoque
1932 1206 2090 1243 Arabum

550 1272 690 1309 gentes„
717 1265 837 1300 urbem
866 1280 990 1300 novam
1017 1267 1218 1314 el-Djezira·
1249 1269 1434 1309 conditam,
1463 1269 1553 1303 aedes
1581 1269 1801 1316 imperatoris
1829 1268 1863 1300 in
1894 1279 1930 1300 ea
1960 1271 1993 1300 et
2026 1263 2090 1298 do-

552 1326 731 1364 micilium,
760 1338 880 1373 preces
911 1325 1016 1372 hujus
1044 1327 1077 1359 in
1107 1327 1234 1373 templo
1272 1327 1476 1374 descripsit,
1521 1327 1622 1374 eujus
1666 1333 1852 1372 suggestus
1891 1324 2018 1358 nobilis
2059 1328 2088 1357 et

551 1386 751 1419 ceremonia!
780 1386 814 1418 in
840 1385 928 1419 sesto
953 1384 1079 1431 jejunii
1108 1386 1289 1432 rumpendi
1317 1387 1607 1421 memorabantur.
1665 1387 1803 1420 Gratias
1833 1386 1982 1432 denique
2010 1385 2090 1428 egit-

551 1442 643 1489 quod
671 1442 870 1487 religionem
896 1442 1079 1482 tuebatur,
1109 1449 1142 1476 et
1172 1457 1288 1477 euram
1316 1445 1348 1477 iu
1372 1458 1408 1479 se
1423 1445 1636 1491 suscipiebat
1665 1445 1855 1478 doctorum.
1908 1443 1985 1476 Hoc.
2004 1448 2090 1488 po'e—

551 1514 602 1534 ma
632 1502 664 1534 in
691 1514 856 1535 consessu
885 1501 943 1535 illo
968 1515 1083 1535 eoram
1112 1503 1319 1548 imperatore
1347 1503 1640 1543 abAbu-Zeido,
1669 1503 1842 1537 domicilio
1869 1500 2090 1541 Fesano,el-

550 1558 709 1601 Qarabli'¹
743 1558 845 1603 vulgo
874 1559 1065 1605 appellato,
1096 1560 1218 1607 faqilio
1246 1562 1446 1604 recitatum,
1474 1562 1522 1595 illi
1546 1562 1646 1596 valde
1673 1562 1803 1608 placuit
1820 1567 1853 1594 et
1880 1572 1998 1594 omnes
2016 1562 2090 1593 Me·—

550 1615 738 1650 rinidarum
767 1616 994 1664 Arabumque
1028 1618 1204 1664 principes
1233 1619 1275 1652 ml
1305 1619 1406 1653 linem
1432 1633 1544 1667 usque
1573 1622 1693 1654 attenti
1715 1619 1931 1653 audiverunt.
1985 1617 2090 1650 Post-

550 1688 670 1722 quam,
699 1675 794 1708 {inita
845 1675 1007 1715 lectione,
1043 1683 1208 1722 augustas
1245 1679 1463 1724 imperatoris
1492 1693 1613 1713 manus
1641 1685 1713 1713 erat
1744 1678 1939 1720 osculatus,
1970 1676 2089 1712 lectori

550 1737 737 1781 imperator
762 1738 835 1767 200
860 1747 1001 1773 aureos,
1028 1742 1152 1781 poetae
1177 1743 1291 1771 autem
1320 1741 1415 1772 1000
1444 1752 1585 1777 aureos,
1621 1744 1750 1773 vestem
1786 1737 1926 1771 honoris
1965 1742 1998 1771 et
2027 1735 2089 1782 ju-

550 1801 699 1829 mentum
729 1794 801 1828 dari
830 1793 944 1839 jussit.
999 1794 1147 1829 Carmen
1176 1795 1242 1829 hoc
1271 1803 1330 1830 est.

601 1855 715 1899 [249]
742 1855 773 1887 A
799 1853 852 1887 dei
882 1852 1042 1887 laudibus
1071 1855 1261 1889 orationem
1290 1856 1470 1903 incipiam,
1498 1856 1564 1891 hoe
1601 1870 1738 1892 carmen
1769 1864 1802 1892 et
1831 1858 1998 1904 scriptum
2027 1870 2089 1891 ex-

700 1912 869 1946 ordiensf⁷

600 1971 760 2005 Forsitan
790 1970 898 2009 Deus,
930 1967 1022 2015 speis’
1047 1982 1128 2004 mea‘
1154 1983 1331 2013 annuens,
1359 1977 1494 2019 portam
1520 1972 1636 2007 laetitia
1664 1973 1745 2007 mihi
1773 1975 1922 2021 aperiat,

598 2030 653 2063 Ad
685 2044 762 2064 vera
793 2029 937 2063 (lieentia
967 2029 1072 2063 ducat
1100 2036 1132 2063 et
1160 2029 1251 2063 dieta
1280 2031 1414 2064 sincera
1443 2030 1524 2065 mihi
1553 2038 1727 2076 suggerat.

601 2092 631 2123 ts
661 2104 721 2124 rex
749 2096 818 2133 est,
845 2091 904 2137 qui
933 2095 1110 2123 creaturas
1144 2089 1275 2124 faciens
1303 2104 1320 2124 e
1348 2090 1420 2124 luto
1449 2091 1627 2128 formavit,

600 2149 694 2183 Deus
722 2150 865 2191 unicus7
894 2149 1030 2187 vivens,
1057 2146 1162 2187 liber,
1191 2149 1347 2195 sapienS‚
1373 2155 1514 2195 potens,
1543 2161 1662 2182 amans
1691 2161 1889 2194 generosos.

598 2208 783 2247 Fon-mim,
810 2210 843 2242 in
872 2207 1025 2242 tenebris
1054 2207 1244 2253 gradientis
1275 2221 1357 2241 saxa
1384 2207 1486 2248 dura,
1517 2209 1660 2254 vestigia
1692 2209 1817 2246 cernit,

662 2309 680 2349 ¹)
706 2309 778 2353 5:225}
802 2330 835 2334 —
871 2330 899 2334 —
932 2314 993 2351 Δι’,
1031 2330 1062 2335 -
1092 2322 1118 2341 c.
1230 2306 1256 2353 9)
1303 2309 1397 2357 541³}st
1434 2310 1465 2341 d.
1574 2308 1596 2350 3)
1630 2308 1757 2351 ιιῄ-,Αῃψὶῗ
1779 2330 1814 2335 -
1843 2328 1869 2334 —
1898 2306 1977 2355 jod?
2000 2324 2027 2330 —
2062 2316 2086 2335 C·

558 2359 576 2382 ⁴3
608 2359 698 2404 3³5le
728 2373 753 2390 c.
861 2359 884 2400 ΣΙ)
917 2360 1011 2401 Όφῑῇ,
1041 2373 1067 2393 a.
1093 2360 1184 2407 exsti„
1210 2372 1236 2391 c.
1343 2358 1366 2399 ὖ)
1394 2360 1453 2399 ξω
1485 2374 1510 2392 a.
1540 2360 1570 2391 d:
