2215 2979
1202 239 1474 270 ——508—

576 343 719 377 tionem,
746 350 809 372 nec
836 349 978 372 numero
1006 349 1122 371 eorum
1139 341 1344 374 terreretur,
1372 335 1432 370 sed
1453 335 1548 369 firma
1565 338 1655 368 esset
1681 333 1846 368 resolutio
1871 335 1904 368 in
1920 340 2028 371 terras
2047 350 2108 372 eo—

574 411 649 432 rum
677 395 827 430 intrandi
852 396 956 442 inque
982 394 1110 430 finibus
1138 395 1428 440 eireumvagandi.
1480 394 1633 427 Primum
1654 392 1697 426 ad
1727 397 1876 426 montem
1911 391 2017 427 Abriz
2050 394 2104 429 le-

575 456 696 501 giones
719 465 799 487 suas
828 452 986 486 victrices
1015 451 1132 494 duxit,
1157 457 1208 489 et,
1233 457 1312 498 post
1340 451 1503 499 pabulum
1517 451 1683 499 jumentis
1698 450 1832 488 datum,
1860 449 1901 483 ad
1935 449 2107 499 el-Aqvfis

574 512 753 560 protectus
778 515 847 546 est.
871 509 931 543 ubi
958 509 1119 543 Muslemi
1149 515 1218 543 tam
1245 510 1313 544 alta
1340 523 1424 545 voce
1451 510 1561 544 Deum
1585 509 1788 547 laudarunt,
1815 508 2034 543 celebrarunt
2067 522 2107 544 ac

576 571 791 607 cecinerunt,
820 574 858 602 ut
882 574 973 602 terra
998 568 1288 603 contremisceret.
1344 570 1442 603 Hanc
1466 575 1602 603 noctem
1628 571 1663 602 iu
1685 569 1807 602 itinere
1835 568 2005 614 perrexit,
2044 567 2110 600 mi-

576 628 696 662 litibus
723 628 787 662 Dei
817 627 937 661 laudes
961 626 1248 674 praedieantibus,
1276 633 1321 669 et,
1348 641 1471 662 aurora
1501 627 1740 668 illucescente,
1769 626 1811 660 ad
1828 624 2111 660 Ain-el-Sakhra

577 687 791 727 subsistens,
816 685 980 734 precibus
1010 687 1186 720 matutinis
1214 687 1381 734 peractis,
1419 686 1463 720 acl
1499 692 1635 734 tempus
1674 698 1815 733 precum
1851 683 2110 732 pomeridiana-

577 760 653 780 rum
666 745 713 780 ibi
729 746 864 779 mansit.
891 745 982 779 Tum
1005 746 1126 779 eastris
1142 746 1260 788 motis,
1282 751 1383 779 nocte
1401 746 1582 792 ingruente
1596 746 1630 778 in
1644 743 1853 778 Vadi-Lelzl:
1875 748 2053 779 venerunt,
2070 756 2113 776 u-

579 805 614 840 bi
640 806 713 839 vias
741 804 887 848 ingressi
911 809 990 838 sunt
1026 803 1182 838 difficiles
1211 810 1315 851 atque
1347 817 1488 851 asperas
1529 810 1562 838 et
1602 801 1697 837 Ιοοῑι1
1737 814 1878 843 saxosa,
1917 802 1950 835 in
1986 800 2113 848 quibus

580 878 685 913 quum
712 862 938 910 Abu-Jaqtib
967 863 1093 897 emirus
1122 863 1221 896 nimis
1240 863 1304 897 iter
1330 863 1556 899 acceleraret,
1583 862 1740 896 homines
1772 859 1868 908 pone}
1893 873 1968 894 eum
2004 860 2114 894 secuti

579 937 616 959 se
644 927 860 970 separarunt.
910 921 962 955 lta
987 922 1134 955 maxima
1162 922 1333 956 exereitus
1360 928 1458 969 parte
1491 920 1666 968 disjuncta
1694 926 1727 954 et
1754 925 1832 966 post
1857 918 1993 958 relicta,
2030 917 2117 953 alter

580 983 722 1017 alterius
751 981 895 1026 vestigia
920 981 1074 1014 invenire
1098 993 1166 1014 non
1193 982 1316 1027 potuit.
1368 979 1609 1028 Abu-Jaqsnb,
1638 985 1729 1014 statu
1758 978 2005 1012 Muslemorum
2034 980 2115 1011 exa-

581 1043 727 1080 minato,
753 1039 1012 1080 animadvertit,
1040 1052 1076 1073 se
1113 1040 1153 1073 iis
1188 1039 1290 1084 longe
1323 1040 1551 1088 praevenisse,
1585 1052 1692 1087 quare
1730 1037 1941 1079 subsistens,
1981 1037 2119 1084 equites

582 1103 625 1138 ad
651 1108 730 1150 post
758 1101 897 1135 relictos
921 1099 1045 1134 milites
1073 1098 1185 1132 redire
1209 1099 1331 1146 jussit,
1359 1104 1392 1133 et
1431 1111 1559 1133 cornua
1595 1098 1694 1132 simul
1730 1111 1870 1137 sonare,
1909 1094 1965 1131 ιιῑ2
2003 1109 2020 1130 a
2061 1096 2117 1129 via

583 1168 737 1198 errantes
765 1160 807 1194 ad
832 1159 924 1193 bunc
954 1172 1076 1193 sonum
1101 1158 1255 1192 auditum
1283 1157 1387 1204 pedes
1415 1157 1604 1204 dirigerent
1637 1163 1669 1191 et
1696 1158 1730 1191 in
1760 1157 1848 1190 viam
1886 1161 2014 1190 rectam
2049 1155 2116 1190 du-

583 1226 753 1255 cerentur.
806 1218 981 1253 Cornibus
1009 1218 1140 1252 sonatis
1167 1223 1200 1251 et
1230 1217 1374 1258 auditis,
1401 1217 1525 1252 milites
1553 1217 1705 1265 undique
1731 1216 1893 1259 redeunt,
1921 1215 2001 1250 dum
2016 1215 2119 1250 Abn-

584 1278 703 1326 Jaqub
731 1291 793 1312 suo
818 1278 894 1312 loeo
922 1278 1083 1311 immotus
1107 1283 1220 1310 manet
1250 1277 1381 1323 [240]
1408 1276 1519 1312 donee
1543 1291 1661 1312 omnes
1693 1283 1784 1312 retro
1812 1283 1988 1312 iiianentes
2015 1275 2118 1309 Mus-

584 1338 664 1372 lemi
691 1337 781 1383 apud
808 1350 884 1371 eum
913 1337 982 1370 sint
1009 1335 1153 1370 collecti.
1207 1334 1341 1369 Deinde
1366 1347 1442 1369 cum
1470 1341 1543 1370 toto
1570 1338 1722 1371 exercitu
1749 1350 1860 1384 usque
1888 1336 1931 1369 ad
1959 1346 2119 1369 auroram

586 1396 756 1442 processit
784 1401 834 1433 et,
860 1400 1043 1441 postquam
1069 1405 1179 1441 prope
1202 1392 1347 1426 el-Vadi
1376 1392 1539 1427 cl-Iiebir
1565 1407 1685 1440 preces
1716 1400 1896 1441 peregerat
1921 1393 2121 1434 matutinas,

586 1451 796 1499 paullulum
821 1465 930 1499 usque
957 1450 998 1485 ad
1027 1451 1133 1485 solem
1160 1450 1325 1483 orientem
1354 1450 1497 1484 ulterius
1532 1452 1725 1497 profectus,
1762 1464 1804 1485 ex
1844 1464 1934 1498 equo
1973 1449 2120 1483 descen-

587 1511 656 1553 dit,
684 1517 717 1545 et
742 1511 848 1544 lorica
877 1509 1016 1543 indutus
1043 1521 1080 1542 se
1108 1509 1218 1554 ipsum
1249 1515 1282 1543 et
1321 1509 1444 1544 milltes
1478 1509 1521 1543 ad
1550 1510 1639 1544 hosti
1668 1510 1919 1545 occurrendum
1948 1508 2122 1543 instruxit.

586 1570 643 1608 lli,
669 1570 821 1603 consiliis
849 1568 891 1601 ad
916 1568 1043 1602 bellum
1070 1569 1216 1615 promtis
1245 1567 1503 1615 redintegratis,
1530 1569 1597 1603 alta
1631 1583 1716 1604 voce
1744 1570 1853 1603 Deum
1893 1568 2120 1616 comprecati,

588 1630 676 1664 duce
702 1627 969 1675 Abu-Jaqi'ibo,
1002 1628 1144 1661 fluvium
1186 1626 1408 1673 trajecerunt.
1462 1629 1632 1664 Militibus
1667 1629 1737 1676 jam
1776 1628 1973 1675 imperavit,
2012 1633 2049 1660 ut
2089 1627 2125 1660 in

590 1688 691 1722 terris
719 1685 905 1720 infidelium
932 1686 1141 1733 palarentur.
1195 1685 1347 1731 Singulae
1373 1686 1621 1722 Muslemorum
1651 1688 1763 1723 tribus
1789 1702 1886 1724 suam
1921 1689 2122 1723 invaserunt

590 1748 776 1793 regionem.
830 1745 1065 1780 Benu-Asker
1095 1750 1127 1778 et
1152 1743 1288 1778 Arabes
1314 1744 1539 1789 Khaltenses,
1567 1748 1626 1795 qui
1664 1761 1731 1782 una
1773 1747 1914 1782 eandem
1954 1748 2125 1794 petierant

592 1820 706 1847 oram,
732 1812 810 1853 post
835 1805 956 1839 horam
982 1804 1191 1852 praeteritam
1217 1805 1360 1848 reversi,
1389 1806 1602 1841 innumeram
1634 1805 1757 1849 boum,
1787 1807 1919 1849 ovium,
1946 1805 2125 1853 jumento-

592 1879 687 1907 rum,
715 1864 961 1903 barbarorum,
991 1863 1195 1897 feminarum
1218 1861 1368 1909 praedam
1396 1863 1439 1897 ad
1466 1865 1609 1899 emirum
1640 1871 1793 1911 egerunt.
1846 1865 1982 1900 Arabes
2012 1872 2127 1900 autem

594 1925 840 1973 Sul'jmenses,
866 1921 1045 1957 castellnm
1077 1920 1303 1955 christianum
1330 1922 1504 1969 quoddam
1532 1923 1660 1964 adorti,
1688 1925 1798 1973 portis
1823 1926 1902 1971 igne
1929 1925 2066 1960 admoto
2095 1925 2129 1958 vi

595 1990 778 2032 ceperunt,
804 1983 889 2016 viris
915 1982 1057 2022 occisis,
1086 1980 1231 2014 seminas
1263 1979 1462 2029 liberosque
1486 1984 1642 2031 captivos
1675 1984 1866 2023 duxerunt,
1905 1991 1950 2027 et,
1981 1983 2127 2033 pecudi-

594 2044 661 2079 bus
689 2042 814 2089 raptis,
842 2040 959 2088 spoliis
988 2038 1101 2073 onusti
1129 2036 1171 2071 ad
1198 2037 1340 2072 emirum
1371 2039 1558 2075 redierunt.
1611 2042 1783 2077 Diversae³
1812 2042 2018 2077 bellatorum
2051 2047 2128 2076 tur-

595 2116 670 2143 ma),
698 2102 731 2134 in
758 2099 822 2133 bac
850 2098 993 2142 regione
1021 2099 1203 2140 vagantes,
1230 2094 1277 2127 ita
1312 2093 1532 2131 Christianos
1559 2097 1750 2141 trucidant,
1779 2101 1934 2147 captivos
1975 2100 2124 2136 ducunt,

598 2168 632 2195 et
656 2173 736 2195 ense
763 2164 868 2205 atque
896 2157 975 2200 igne
999 2151 1159 2187 omnibus
1185 2149 1349 2197 perditis,
1378 2151 1421 2185 ad
1449 2152 1591 2187 emirum
1625 2154 1776 2202 praedam
1812 2156 1944 2197 ferunt,
1985 2157 2063 2191 dum
2095 2155 2127 2188 i-

599 2232 678 2267 pse,
702 2224 814 2251 turma
842 2212 1040 2261 principum
1066 2207 1315 2244 Merinidarum
1342 2216 1376 2245 et
1403 2211 1586 2260 el-aylzzciz
1607 2214 1757 2262 capitum
1772 2212 2128 2259 comitante‚vestigia

711 2319 732 2361 i)
751 2317 854 2383 &2053
879 2328 905 2348 a,
928 2333 957 2340 -
981 2314 1012 2345 b.
1118 2308 1243 2359 2)·τὲμῖ
1267 2331 1302 2338 -
1335 2332 1364 2338 -
1388 2313 1521 2361 numan]
1542 2335 1575 2343 --
1601 2329 1629 2349 a.
1735 2315 1759 2358 ³)
1784 2315 1888 2358 &AL-ji
1912 2335 1941 2342 -
1980 2335 2016 2341 —
2040 2321 2127 2363 stfflw

609 2390 645 2397 —
668 2371 701 2401 ι).
822 2370 958 2406 meae.
980 2383 1013 2391 -
1040 2361 1231 2408 —cz-fflb
1252 2381 1282 2390 -
1307 2363 1338 2395 b-
