2215 2979
1184 237 1433 266 ——42—

626 333 684 367 De
717 342 823 377 reque
860 331 989 378 Jahjae
1026 330 1359 367 ben-Mulmmmed
1400 333 1601 368 ben-Idris
1643 336 1839 371 ben-Idrfs
1875 339 1991 375 Emit-i

1192 388 1411 424 Hasanidae.

637 443 742 490 Jahja
771 445 908 478 Emirus
936 443 1027 477 filius
1054 444 1308 480 Muhammedis
1340 446 1401 480 filii
1434 444 1536 480 Idrisi
1566 446 1627 481 filii
1653 446 1757 482 Idu-isi
1773 447 1835 482 filii
1859 449 2079 487 Abd-Allabi

535 504 596 538 filii
623 504 754 538 {lasani
786 504 846 538 tilii
875 505 1020 538 lluscini
1047 505 1108 539 filii
1137 505 1207 539 Alii
1241 505 1302 540 filii
1330 505 1579 549 Abu-Talem,
1611 505 1711 540 fratri
1739 507 1820 541 Alio
1851 515 2004 551 mortuo,
2031 512 2080 545 si-

535 567 594 596 eut
624 566 829 596 testamento
856 566 995 594 cautum
1025 562 1138 603 erat¹‚
1165 563 1199 597 in
1226 577 1334 610 regno
1361 565 1530 599 successit
1553 570 1586 599 et
1611 566 1765 611 vestigiis
1799 567 1908 612 patris
1940 567 2080 601 fratris-

535 634 603 668 que
636 621 814 666 ingressus
845 626 906 654 cst.
963 620 1015 654 Eo
1046 628 1214 667 regnante
1246 624 1280 657 in
1314 623 1401 658 urbe
1432 624 1499 658 ch
1535 623 1716 658 aedificia²
1743 625 1843 659 valde
1878 632 2080 670 creverunt3

532 692 612 713 nam
642 693 684 714 ex
716 679 863 713 diversis
896 680 1103 727 Hispaniae,
1139 682 1283 717 Atricac
1315 684 1492 730 totiusque
1525 683 1754 718 Mauritaniae
1790 684 1948 731 partibus
1985 691 2081 720 tanta

533 738 710 773 hominum
735 738 803 772 buc
829 738 964 773 affluxit
989 740 1191 782 multitudo7
1218 747 1274 781 ut,
1301 755 1406 789 quum
1435 741 1519 776 urbs
1544 755 1603 776 eos
1629 755 1753 790 capere
1778 757 1844 776 nou
1863 751 2000 791 posset,
2022 758 2081 779 cx—

533 802 585 830 tra
613 809 687 829 cam
716 795 904 829 suburbia³
928 796 1170 832 conderentur.
1210 800 1394 835 Praeterea
1423 800 1528 847 ‹labja
1557 801 1695 835 Emirus
1723 801 1845 836 balnea
1872 807 1905 835 ct
1930 801 2081 849 hospitia

532 854 785 890 mercatoribus
819 856 1028 903 recipiendis
1063 858 1096 890 in
1131 871 1169 892 ca
1198 858 1352 894 condidit
1379 866 1412 895 et
1440 859 1505 894 sub
1534 859 1611 907 ejus
1640 873 1747 907 regno
1774 860 1939 909 templum
1967 862 2081 909 qaire-

533 928 683 949 vanensc
705 915 974 950 illustrissimum
1004 923 1218 952 exstructum
1247 925 1308 954 est.

582 975 785 1020 Descriptio
812 974 934 1021 templi
967 976 1248 1022 wiremutensis,
1279 979 1313 1011 in
1345 991 1415 1026 qun
1446 978 1683 1026 quodcumque
1714 991 1849 1028 quoque
1876 984 2030 1025 tempore

639 1034 672 1068 ei
698 1033 856 1066 additum
888 1034 932 1068 sit
957 1034 1039 1068 inde
1066 1036 1109 1068 ab
1137 1048 1175 1070 eo
1204 1038 1342 1071 condito
1371 1050 1478 1085 usque
1503 1037 1550 1071 ml
1576 1038 1684 1078 lame,
1715 1051 1781 1087 quo
1808 1038 1974 1081 vivimus,

1017 1107 1144 1128 noenum
1173 1096 1266 1139 726,
1297 1103 1593 1131 commemoratur.

634 1151 766 1185 Concio
800 1149 866 1185 diei
898 1151 1047 1186 Veneris
1075 1154 1111 1187 in
1139 1155 1268 1203 templo
1304 1155 1562 1197 Scherit'orum,
1596 1153 1690 1202 quod
1720 1155 1754 1188 in
1785 1155 1927 1200 reglone
1960 1155 2079 1201 qaire-

531 1212 675 1244 vancnsi
710 1210 954 1246 aedificaverat
989 1212 1079 1247 Idris
1113 1220 1145 1248 et
1177 1215 1211 1248 in
1247 1215 1375 1262 templo
1410 1214 1641 1262 cl-Eschjalzh
1675 1215 1827 1260 regionis
1860 1214 2080 1261 hispanicae,

532 1268 612 1303 dum
643 1269 812 1304 ldrisidae
846 1271 1058 1315 regnabant,
1090 1273 1242 1307 nondum
1271 1274 1430 1309 desierat.
1486 1275 1617 1311 Locus,
1647 1273 1707 1307 ubi
1735 1273 1807 1321 jam
1835 1273 2000 1321 templum
2029 1279 2081 1307 est

531 1330 798 1377 qairevancuse.
824 1343 842 1364 c
871 1331 982 1364 tcrra³
1011 1331 1193 1366 constabat
1219 1332 1316 1374 alba,
1346 1347 1387 1367 ex
1415 1347 1482 1380 qua
1511 1333 1646 1366 diversa
1670 1333 1790 1380 gypsi³
1816 1345 1942 1377 genera
1968 1330 2081 1365 tabri-

533 1386 712 1421 eabantur.
766 1387 818 1421 Ibi
848 1387 991 1422 arbores
1022 1389 1150 1423 multae
1174 1390 1395 1429 crescebant,
1428 1404 1517 1438 quac
1544 1391 1618 1425 viro
1647 1397 1745 1424 erant
1772 1390 1815 1425 de
1842 1389 1934 1424 tribu
1962 1390 2080 1423 lluara

532 1444 697 1485 oriundo,
726 1444 826 1490 eujus
858 1451 957 1491 pater
985 1452 1064 1480 autc
1092 1459 1188 1489 eum,
1225 1453 1379 1494 tempore
1405 1448 1501 1481 urbis
1536 1447 1754 1486 condendae,
1781 1447 1896 1481 locum
1925 1459 2080 1493 occupa-

532 1503 664 1536 veratfi.
722 1504 819 1538 Inter
854 1505 1148 1547 Qaircvauenscs,
1182 1507 1240 1554 qui
1276 1520 1351 1541 cum
1388 1520 1513 1552 magno
1562 1507 1650 1552 [50]
1701 1506 1910 1540 familiarum
1945 1504 2079 1539 libero-

531 1570 678 1606 rumque
701 1573 844 1595 numero
875 1562 918 1595 ad
944 1562 1093 1598 Idrisum
1122 1578 1159 1599 sc
1184 1565 1442 1612 1·eeipiebant⁷.
1468 1571 1501 1598 et
1528 1565 1561 1597 in
1590 1564 1731 1608 regione
1755 1563 1812 1596 illa
1838 1563 2081 1609 qaircvanensi

531 1618 622 1651 cirea
650 1631 726 1652 eum
755 1618 1036 1662 collocabantur,
1072 1621 1199 1654 femina
1235 1628 1327 1660 erat,
1362 1623 1490 1667 pictate
1522 1627 1554 1655 et
1587 1622 1715 1654 virtute
1750 1621 1913 1666 insignis,
1942 1619 2081 1652 nomine

530 1676 681 1717 Fatima,
709 1677 1000 1713 Umm-el-Banin
1025 1680 1215 1726 appellata,
1241 1680 1309 1713 fitia
1339 1680 1593 1714 Muhammedis
1615 1679 1779 1714 Fehritae
1799 1678 2082 1722 Qaircvancnsis,

529 1748 618 1781 quac
643 1748 685 1768 cx
709 1735 830 1768 Africa
852 1749 920 1769 una
943 1749 1020 1769 cum
1042 1736 1186 1771 sororeS
1207 1743 1240 1771 et
1267 1741 1390 1771 marito
1413 1737 1481 1771 buc
1506 1738 1660 1784 profecta
1684 1750 1793 1784 prope
1821 1737 1935 1771 locum
1962 1734 2080 1782 templi

529 1795 789 1841 qairevaneusis
824 1796 1039 1831 considebat.
1094 1797 1223 1831 Sorore
1258 1796 1452 1843 maritoque
1481 1796 1644 1838 mortuis,
1674 1809 1833 1840 magnam
1867 1794 2080 1830 haereditate

528 1855 663 1901 aceepit
691 1857 893 1902 pecuniam,
921 1870 1025 1904 quam
1058 1856 1206 1900 licitam,
1242 1869 1355 1902 neque
1384 1854 1529 1889 emendo
1558 1868 1620 1889 nec
1649 1855 1830 1889 vendendo
1859 1862 2079 1903 corruptam,

529 1913 571 1947 ad
601 1918 677 1961 pios
705 1930 789 1950 usus
817 1917 1012 1964 expendere
1045 1917 1163 1953 voluit.
1219 1916 1403 1963 Templum
1433 1916 1539 1960 igitur
1568 1915 1718 1950 condere
1747 1916 1945 1957 coustituit,
1973 1922 2009 1950 ut
2038 1927 2078 1949 eo

530 1970 602 2010 die,
631 1984 698 2019 quo
731 1985 889 2022 (piaeque
922 1975 1039 2008 anima
1070 1975 1160 2008 bona
1189 1973 1289 2022 facta
1323 1974 1476 2007 inveniet
1510 1974 1712 2020 praesentia
1743 1973 1890 2018 (Coran.
1919 1977 1958 2012 5,
1990 1976 2077 2016 28),

529 2032 720 2077 praemium
747 2047 846 2067 suum
876 2035 1055 2082 reciperet.
1109 2035 1205 2068 Loco
1233 2033 1351 2080 templi
1385 2047 1403 2067 a
1432 2046 1634 2080 possessore
1659 2039 1768 2071 emto,
1806 2035 1985 2080 pretioque
2014 2045 2076 2066 so-

530 2087 621 2129 luto,
651 2090 706 2125 die
736 2092 882 2126 Sabbati
912 2093 1023 2139 primo
1049 2093 1176 2127 mensis
1203 2092 1419 2127 Ramadbaui
1449 2105 1540 2127 anno
1570 2095 1643 2126 2113
1672 2094 1807 2140 [coepit
1834 2092 1888 2127 dic
1915 2096 1935 2125 7
1964 2093 2077 2139 April.

531 2152 623 2193 859)
653 2150 876 2186 fundamenta
905 2151 1057 2186 ess'odere
1085 2152 1274 2199 aedemque
1301 2152 1484 2187 aedificare
1511 2153 1635 2198 coepit.
1690 2152 1717 2185 E
1744 2151 1918 2189 cavernis,
1944 2152 1976 2185 in
2002 2165 2075 2186 mc-

531 2209 585 2243 «lia
614 2224 693 2245 area
726 2211 846 2249 sactis.
876 2210 1010 2258 lapides
1035 2211 1155 2246 molles
1183 2209 1394 2246 lceclladlm‘ffl
1426 2210 1607 2258 appellati,
1638 2211 1770 2259 pulvis,
1800 2222 1880 2244 saxa
1909 2215 1943 2243 et
1970 2223 2073 2244 arena

639 2313 662 2351 ¹)
689 2319 798 2354 κὰρ-ρ,
828 2312 908 2343 bene
936 2326 961 2344 a.
990 2315 1020 2344 b.
1047 2314 1068 2345 f.
1171 2313 1198 2354 ²)
1224 2311 1353 2360 mgb-²35
1383 2314 1413 2344 Ι).
1441 2325 1466 2344 e.
1494 2312 1526 2344 d.
1633 2311 1659 2353 ³)
1681 2309 1783 2357 offilo&
1805 2322 1829 2341 c.
1855 2310 1875 2341 s.
1900 2311 1989 2355 quod
2009 2313 2072 2354 jam

532 2362 684 2404 praefero.
710 2362 824 2408 &Sl-{Db
852 2364 882 2394 b.
990 2364 1016 2404 4)
1046 2362 1112 2401 tagl
1145 2376 1170 2395 e.
1277 2364 1303 2403 5)
1340 2356 1410 2393 2:23
1444 2365 1474 2395 b,
1509 2374 1535 2394 c.
1564 2361 1585 2393 f.
1690 2361 1715 2401 ⁶)
1744 2360 1822 2409 bk>
1851 2374 1878 2393 a.
1910 2363 1939 2393 h.
2045 2363 2071 2403 τ)

530 2412 585 2450 μς
613 2417 673 2453 ω,
702 2414 731 2443 h.
760 2424 785 2444 e.
813 2414 843 2445 a.
873 2412 896 2445 f.
984 2414 1009 2456 Β)
1037 2414 1148 2457 topi
1176 2428 1201 2446 a.
1228 2415 1257 2446 b.
1286 2414 1307 2447 f.
1331 2398 1442 2454 effi,
1467 2433 1498 2439 -
1523 2432 1556 2438 -
1580 2410 1691 2453 ψω
1714 2430 1748 2436 -
1771 2423 1796 2441 a.
1903 2413 1928 2452 μ)
1956 2412 2073 2452 &⁶2:2¹4
