2215 2979
1224 186 1498 217 -552—

680 283 816 313 Auctor
842 280 964 325 pergit.
1016 279 1241 328 Abu-Jaqab
1265 281 1452 327 imperator
1485 282 1749 326 Muslemorum,
1776 292 1856 332 post
1881 286 2112 333 juramentum

578 334 658 369 fidei
693 336 832 369 omnino
866 341 1063 383 acceptum,
1098 336 1469 384 Djezirat-cl-Kliadra
1503 338 1695 373 Mei-halam
1728 341 1922 386 profectus,
1958 351 1991 377 et
2016 352 2112 380 extra

576 392 697 426 urbem
725 398 838 426 castra
872 398 1036 433 metatus,
1069 394 1220 439 legatum
1255 392 1298 427 ad
1331 393 1664 429 lbn-cl-Alimarum
1700 396 1810 440 misit,
1843 403 1880 431 ut
1914 411 1950 433 se
1985 413 2113 436 conve-

574 451 674 484 niret.
726 451 793 485 llic
828 452 944 486 statim
976 465 1109 486 summo
1140 458 1264 487 ornatu
1302 458 1335 487 et
1369 466 1446 487 cum
1474 453 1588 488 valido
1626 455 1780 488 exercitu
1810 454 1853 488 ad
1881 468 1956 500 eum
1984 469 2112 504 prope-

574 520 656 542 rans
683 521 724 542 co
751 510 864 552 venit,
894 516 928 545 et
954 511 1063 557 patris
1090 515 1233 544 mortem
1259 509 1475 552 consolatus,
1504 511 1698 545 succesioni
1724 512 1759 545 in
1785 526 1892 558 regno
1921 514 2113 559 gratulatus

573 574 636 602 est.
689 568 932 617 Abu-Jaqnb,
964 581 1049 616 pace
1080 582 1156 602 cum
1184 581 1225 603 eo
1255 568 1477 612 confirmata,
1507 581 1643 611 omnes,
1679 583 1765 616 quas
1798 570 2013 616 possidebat,
2046 573 2113 606 lli-

572 627 702 672 spaniae
727 633 858 671 terras,
887 629 915 662 si
943 628 1189 674 el-Djeziram,
1218 625 1395 667 Rondam,
1427 626 1600 665 Tmifam,
1636 626 1859 661 vadi-dasch
1892 640 1968 661 cum
1995 641 2112 663 carum

570 686 761 732 provincIis
789 688 987 734 exceperis,
1016 688 1046 721 ei
1073 685 1299 734 possidendas
1327 684 1478 719 tradidit.
1521 685 1588 727 Qui
1615 690 1805 719 conventus
1832 685 1974 727 accidit,
2003 700 2113 734 eaque

568 753 638 788 pax
666 744 774 789 prima
809 745 936 779 mensis
969 743 1070 779 Rebi⁷
1101 745 1228 792 prioris
1261 742 1408 783 decade,
1440 756 1532 777 anno
1563 746 1654 783 683,
1692 742 1785 777 tacta
1819 749 1880 781 est.
1934 744 2026 778 Tum
2057 744 2111 779 el-

567 800 745 848 Djeziram
769 817 949 845 reversus,
978 803 1026 838 ibi
1054 803 1097 838 ad
1125 804 1227 838 finem
1253 815 1365 850 usque
1390 802 1494 850 hujus
1523 801 1622 836 Rebi'
1648 803 1784 836 mansit.
1823 803 1887 837 Die
1915 803 2006 837 Solis
2029 803 2111 839 2:⁴10

566 863 695 896 mensis
726 862 825 897 Rebi'
863 864 1067 910 posterioris
1100 863 1204 909 legati
1237 861 1397 896 Alsonsi¹
1441 867 1629 904 venerunt,
1671 868 1704 896 et
1740 860 1859 896 eadem
1894 862 2110 905 conditione,

567 932 671 966 quam
699 926 797 966 pater
824 926 897 954 erat
924 920 1128 967 stipulatus,
1160 933 1279 967 pacem
1306 932 1383 953 cum
1410 931 1450 953 eo
1479 918 1591 953 denuo
1628 917 1721 952 fecit.
1774 918 1897 965 Itaque
1931 932 2015 965 pace
2043 920 2110 953 ssi-

565 978 697 1023 spaniae
723 985 756 1013 ct
784 979 1035 1027 tranquillitate
1070 977 1271 1012 confirmata
1299 975 1482 1022 turbisque
1518 975 1665 1017 sedatis,
1699 975 1840 1010 fratrem
1872 977 2109 1025 Abu-Atijam

566 1037 726 1076 emirum,
767 1037 986 1072 Abu-Jusuli
1027 1037 1245 1084 imperatoris
1288 1033 1536 1068 Muslemorum
1574 1033 1682 1067 fllium
1724 1035 1892 1077 accitum,
1927 1036 2107 1081 omuibus,

565 1107 652 1141 quas
681 1096 837 1139 tenebat,
865 1097 1043 1144 Hispaniae
1073 1094 1273 1140 regionibus
1306 1093 1463 1141 praelecit
1496 1093 1597 1140 cique
1633 1093 1902 1133 commendavit,
1929 1100 1967 1129 ut
1994 1095 2107 1130 Deum

563 1153 705 1192 timens,
739 1155 825 1189 {ines
861 1161 1033 1190 tutaretur
1066 1156 1163 1201 regni
1200 1159 1233 1188 ct
1271 1166 1325 1186 res
1366 1151 1555 1200 prudenter
1598 1159 1733 1197 regeret
1767 1154 1957 1188 universas.
2015 1156 2107 1190 Tum

562 1210 878 1248 Abu-l-ssasanum
907 1214 1023 1248 Alium
1054 1212 1255 1247 ben-Jusuf
1277 1210 1553 1256 hen-Jergatcn'2
1585 1212 1774 1259 principem
1810 1213 1934 1248 sortem
1967 1213 2106 1248 beatum

563 1268 789 1311 advocatum,
819 1272 980 1307 omnihus
1006 1273 1120 1318 [160]
1149 1272 1324 1318 equitatus
1349 1269 1519 1316 hispanici
1544 1269 1688 1304 habenis
1717 1272 1911 1319 ceterisque
1938 1272 2105 1307 militibus

562 1328 741 1375 praesecit,
768 1333 879 1369 {2000
907 1331 1061 1377 equitum
1091 1343 1109 1364 e
1136 1328 1316 1363 Merinidis
1345 1333 1378 1362 ct
1405 1326 1585 1360 Arabihus
1608 1328 1701 1374 apud
1730 1342 1806 1362 eum
1837 1330 1983 1370 relictis,
2007 1345 2103 1366 sum-

560 1395 652 1416 mam
680 1384 728 1417 rei
757 1384 914 1418 militaris
938 1391 971 1419 et
998 1384 1129 1418 bellicae
1157 1398 1291 1419 omnem
1320 1383 1478 1424 tradidit,
1508 1389 1541 1418 et
1568 1383 1622 1417 die
1647 1385 1753 1418 Luuae
1780 1389 1833 1418 720
1854 1385 1952 1420 Rebi'
1981 1394 2102 1434 poste-

560 1441 665 1474 rioris
692 1440 797 1488 hujus
825 1444 904 1476 anni
927 1444 960 1476 in
980 1442 1223 1476 Mauritaniam
1250 1441 1535 1486 transnavigavit.
1580 1441 1621 1473 Iu
1648 1441 1946 1488 Qasr-el-l)jcvi;z
1978 1456 2102 1478 escen-

561 1497 667 1542 dens,
695 1499 737 1533 ad
768 1499 890 1535 urbem
917 1502 1086 1536 Fesanam
1115 1500 1291 1548 profectus
1327 1506 1397 1543 est,
1429 1498 1552 1547 quam³
1583 1499 1637 1533 die
1668 1503 1745 1533 1220
1774 1499 1953 1545 Djumi'idae
1981 1509 2102 1549 poste-

559 1558 663 1591 rioris
691 1558 845 1605 ejusdem
874 1561 954 1594 anni
986 1560 1137 1593 intravit.
1190 1560 1303 1601 Quum
1331 1558 1388 1592 hic
1414 1559 1448 1591 in
1476 1570 1564 1591 nova
1592 1556 1678 1591 urbe
1706 1558 1939 1602 consedisset,
1974 1573 2101 1596 conso-

559 1612 682 1651 brinus
720 1617 941 1652 Muhammed
982 1617 1162 1652 ben-IdriS
1201 1615 1557 1663 heu-Abd-el-llaqq
1596 1629 1673 1649 cum
1712 1616 1790 1649 filiis
1823 1616 2029 1664 quibusdam
2065 1621 2100 1655 in

558 1672 735 1706 montibus
770 1673 921 1719 Varghae
949 1687 1057 1720 prope
1091 1673 1214 1707 Fesam
1250 1673 1420 1716 surrexit,
1452 1671 1580 1720 quibus
1609 1672 1845 1707 Ah11-Maret⁴
1879 1675 2100 1712 Muhammed

558 1729 651 1763 filius
678 1727 897 1764 Abu-Jusufi
923 1729 1141 1777 imperatoris
1168 1729 1416 1763 Muslemorum
1444 1742 1482 1763 se
1506 1728 1677 1775 adjunxit.
1715 1729 1906 1777 Imperator
1932 1731 2100 1769 adversus

558 1799 618 1822 eos
643 1787 853 1822 exercitibus
881 1788 1043 1821 continue
1069 1787 1201 1827 missis,
1228 1792 1323 1821 tanta
1349 1800 1430 1832 erga
1457 1799 1515 1820 eos
1544 1799 1580 1820 sc
1607 1786 1715 1832 gessit
1739 1786 1938 1834 prudentia,
1959 1795 1996 1823 ut
2024 1790 2099 1824 fra-

557 1851 628 1887 ter,
659 1845 855 1879 securitatis
883 1843 951 1878 fide
977 1843 1077 1885 data,
1111 1843 1325 1878 descendens
1358 1857 1395 1878 se
1427 1844 1457 1878 ei
1489 1842 1699 1890 subjiceret,
1732 1843 1952 1880 Muhammed
1984 1852 2098 1881 autem

558 1916 637 1938 cum
662 1903 742 1937 filiis
776 1903 1005 1937 Tilimsanum
1035 1902 1181 1949 sugeret.
1235 1904 1281 1936 At
1310 1901 1346 1936 hi
1374 1903 1408 1936 in
1443 1902 1564 1937 itinere
1599 1902 1710 1949 capti,
1743 1903 1890 1938 vinculis
1918 1906 2097 1940 constricti

552 1959 824 1994 Rahat-Tfizam
849 1957 945 1992 ducti
971 1963 1062 1991 sunt.
1114 1957 1167 1991 Eo
1200 1956 1388 2005 imperator
1421 1957 1563 1993 tratrem
1596 1960 1688 1994 misit
1719 1960 2002 2008 Abu-Zijixnum,
2037 1975 2098 1996 eos

554 2020 836 2060 interfecturum,
871 2023 905 2052 et
943 2022 1041 2052 extra
1077 2022 1213 2066 portam
1252 2016 1457 2053 el-Scheriae
1497 2018 1602 2066 hujus
1635 2019 1733 2055 urbis
1771 2034 1889 2056 mense
1922 2021 2095 2070 Redjelfi,

556 2092 647 2114 anno
671 2082 763 2121 685,
789 2077 894 2112 occisi
921 2082 1011 2111 sunt.

656 2136 788 2170 Eodem
823 2146 914 2169 anno
954 2133 1062 2167 Omar
1093 2130 1337 2168 ben-Omman
1370 2132 1564 2169 ben-,Insui
1601 2135 1787 2172 llesksxrita
1821 2139 1857 2172 in
1889 2151 1969 2172 arce
1997 2138 2092 2171 Fen—

554 2194 723 2236 delavae⁵‚
760 2194 794 2227 in
832 2192 1007 2228 montibus
1044 2193 1297 2240 Beni-Jazghae
1336 2194 1419 2234 sita,
1458 2193 1649 2229 rebellavit.
1707 2195 1817 2237 Quem
1849 2195 1955 2240 igitur
1985 2193 2089 2228 Abu-

660 2300 682 2343 ¹)
707 2302 876 2342 Μ,ςῐ--ὲῑ--Αοι
901 2308 921 2343 ’Ξ-
946 2304 978 2335 b·
1083 2300 1107 2343 2)
1136 2302 1293 2352 fflbfl
1322 2316 1350 2336 a.
1377 2302 1517 2352 &¹³73
1547 2304 1579 2335 b.
1610 2303 1727 2350 32:373
1758 2314 1784 2334 e.
1815 2304 2010 2347 Jartugan
2043 2304 2088 2335 M.

558 2349 583 2393 ὃ)
607 2349 665 2395 0„ss
684 2351 781 2401 Ἀρι
807 2372 839 2379 .-
862 2373 897 2380 -.
923 2353 1046 2397 φῶ
1070 2372 1097 2379 -
1124 2366 1150 2386 e.
1256 2352 1281 2397 ⁴)
1307 2358 1419 2401 02:²¹⁶
1446 2355 1479 2386 h.
1505 2353 1536 2387 d.
1640 2353 1665 2395 ⁵)
1688 2365 1767 2401 22>
1793 2370 1837 2394 ω
1859 2355 2038 2399 wok->5⁹⁸
2061 2354 2086 2390 s.
