2215 2979
725 500 1026 536 PRooEM
1038 501 1181 536 nJM.

287 613 567 652 Quemadmodum
593 626 685 658 saepe
710 614 760 650 sit,
787 620 823 645 ut
850 614 948 645 homo
977 613 1018 645 de
1042 614 1207 658 republica
1250 627 1304 646 seu
1346 614 1386 646 de
1426 615 1549 646 civibus
1587 614 1719 660 singulis

185 674 265 705 hene
291 677 439 710 meritus,
467 673 630 705 oblivione
657 674 792 703 obrutus
820 673 953 714 injusta,
983 684 999 702 a
1034 675 1167 715 posteris
1195 675 1326 703 omnino
1362 674 1539 716 ignoretur:
1574 676 1618 705 sie
1644 677 1719 705 seri-

183 741 291 777 111111οε
318 733 402 764 11111111
428 732 600 777 ignobiles,
624 731 713 762 nulla
744 733 895 762 memoria
931 730 1058 766 relicta,
1084 744 1100 761 e
1129 738 1206 762 terra
1249 743 1312 762 non
1342 743 1412 762 raro
1439 739 1646 768 evanescunt,
1686 739 1718 763 et

183 790 274 828 libri,
299 795 354 836 qui
376 793 462 836 apud
486 792 601 836 vulgus
629 792 762 822 summis
787 790 939 821 laudibus
967 793 1079 821 merito
1109 790 1327 825 celebrantur,
1354 794 1421 822 sine
1456 793 1622 823 scribentis
1661 804 1718 823 no-

181 850 267 880 mine
293 849 581 883 circumferuntur.
607 856 677 887 aut,
704 852 728 880 si
755 860 872 880 nomen
897 847 1022 892 aliquid
1052 850 1088 879 iis
1114 850 1288 893 affingitur,
1318 848 1350 879 id
1377 848 1534 893 legentem
1569 851 1717 881 ineertio-

179 920 246 939 rem
274 912 368 940 etiam
396 910 487 945 sueit,
516 913 587 954 quis
613 922 706 942 verus
744 912 784 940 sit
825 911 972 953 scriptor.
1024 909 1136 952 ltaque
1177 908 1235 938 bos
1273 906 1401 938 annales
1441 910 1496 950 qui
1538 911 1714 951 scripserit.

179 964 395 1012 quamquam,
434 971 622 1001 testimoniis
661 968 730 1000 aliis
771 968 831 999 alia
867 967 1127 1012 perhibentibus,
1158 969 1225 998 sine
1266 965 1452 997 ‹litlieultate
1490 969 1556 996 erui
1595 975 1714 1010 possit,

178 1034 283 1060 tamen
311 1029 374 1060 fata
402 1030 484 1071 ejus,
511 1028 589 1060 (111111
616 1031 647 1059 111
674 1031 755 1059 vivis
778 1034 860 1064 erat,
884 1027 989 1059 adhue
1016 1027 1131 1063 latent,
1161 1026 1194 1058 id
1221 1026 1310 1071 quod
1339 1037 1376 1057 eo
1404 1028 1501 1069 tnagis
1527 1029 1641 1057 mirum
1666 1031 1712 1057 vi-

177 1086 288 1123 detur,
316 1099 382 1132 quo
409 1081 628 1131 diligentiores
655 1093 730 1117 sunt
763 1086 882 1117 Arabes
922 1088 953 1116 in
993 1087 1035 1116 rei
1076 1085 1248 1117 litterariae
1292 1088 1498 1128 virorumque
1536 1084 1711 1117 celebrium

176 1144 307 1176 historia
338 1145 556 1189 pertractanda
585 1151 615 1176 et
641 1157 707 1189 quo
750 1148 876 1189 saepius
904 1147 1098 1175 narrationes
1136 1143 1176 1176 de
1211 1147 1274 1175 vita
1306 1144 1514 1186 moribusque
1541 1143 1710 1175 bominum

175 1205 396 1237 obscuriorum
415 1207 501 1248 justo
532 1205 691 1249 longiores
719 1204 807 1248 apud
837 1216 890 1235 eos
925 1203 1128 1235 offendimus.
1180 1204 1405 1246 Inscriptiones
1433 1200 1598 1236 codicum,
1626 1214 1709 1244 quae

175 1268 205 1295 111
235 1268 336 1308 patria
364 1266 467 1297 Nostri
497 1271 526 1296 et
551 1264 768 1308 appellatione
797 1262 1013 1307 investiganda
1039 1274 1096 1293 nos
1130 1262 1215 1293 solae
1258 1263 1374 1293 ducere
1411 1268 1563 1305 possunt,
1604 1275 1707 1306 quum

173 1323 404 1366 amplissimae,
443 1336 522 1368 quas
562 1323 728 1354 consulere
755 1324 865 1366 potui,
911 1325 1047 1353 vitarum
1085 1320 1290 1352 collectiones
1319 1320 1359 1352 de
1386 1331 1423 1351 οο
1447 1320 1542 1364 plane
1570 1327 1706 1359 taceant,

172 1385 212 1413 ita
242 1386 383 1420 variant,
415 1390 450 1415 ut
477 1382 557 1414 aliae
597 1394 670 1414 eum
710 1380 1156 1413 Abu-Muhammedem
1199 1380 1381 1412 Salihum
1426 1380 1706 1412 Ibn-Abd-el-

170 1442 319 1479 unhul,
348 1444 483 1474 Granatai
521 1442 714 1477 oriundum,
754 1441 834 1472 aliae
875 1447 982 1472 autem
1022 1439 1380 1471 Abu-l-llasanum
1420 1440 1558 1473 Alium
1601 1443 1705 1474 ben-

169 1501 404 1533 Abd-Allah
435 1502 719 1534 11111-Α111-Ζο1’
748 1503 903 1533 Fesanum
932 1496 1144 1538 11011111101111).
1196 1498 1228 1529 Si
1264 1499 1444 1528 testimonia
1472 1505 1704 1541 numeraveris,

169 1560 332 1589 veritatem
362 1571 427 1590 non
454 1562 668 1605 consequeris.
721 1560 757 1591 ln
786 1572 818 1591 re
845 1561 930 1591 enim
958 1558 1084 1590 libraria
1112 1555 1443 1592 Arabumdibrorum
1478 1557 1702 1601 inscriptiones

167 1620 350 1660 saepissime
375 1621 406 1650 in
440 1632 577 1652 errorem
611 1619 788 1656 inducunt,
816 1625 930 1663 utpote
973 1630 1056 1662 quae
1094 1630 1109 1648 11
1149 1615 1337 1659 bibliopolis
1372 1614 1604 1655 fraudulentis,
1644 1622 1702 1663 qui

167 1680 303 1706 emtores
336 1677 377 1706 ita
411 1675 538 1708 allicere
564 1676 711 1713 student,
748 1676 854 1712 fictae,
889 1687 946 1719 per
973 1674 1117 1706 librarios
1149 1675 1271 1717 ignaros
1295 1673 1326 1701 in
1354 1670 1433 1702 alios
1447 1672 1573 1705 codices
1602 1680 1702 1706 trans-

166 1732 318 1764 ferantur.
370 1734 460 1767 Aliae
483 1746 557 1766 vero
582 1735 714 1767 adsunt.
756 1748 792 1766 ex
828 1737 897 1779 ipso
931 1734 1015 1765 libro
1045 1736 1178 1778 petitae,
1213 1745 1276 1769 105,
1305 1743 1388 1775 quae
1420 1731 1532 1764 saltem
1565 1737 1700 1777 patriam

165 1790 270 1821 Nostri
297 1791 389 1822 nobis
414 1791 553 1823 indicare
582 1792 748 1827 videntur,
777 1804 879 1836 eaque
916 1795 1056 1836 cognita,
1096 1804 1112 1821 a
1150 1792 1280 1821 veritate
1306 1800 1371 1819 non
1414 1789 1556 1821 multum
1591 1792 1698 1823 abesse

163 1859 220 1879 uos
247 1849 430 1886 credemus,
457 1853 483 1882 si
511 1863 581 1882 eam
603 1853 844 1895 inscriptionem
872 1850 1076 1882 habuerimus
1102 1855 1237 1885 rectam,
1267 1861 1350 1892 quae
1387 1848 1494 1880 solum
1534 1853 1697 1895 scriptoris

162 1905 267 1937 natale
301 1918 358 1938 nos
392 1906 548 1938 docuerit.
599 1908 679 1939 Nam
710 1910 887 1952 unicuique
925 1907 983 1938 1105
1021 1905 1149 1938 annales
1187 1905 1375 1949 diligentius
1406 1905 1581 1950 perlegenti
1622 1919 1695 1939 mox

161 1965 300 2007 patebit,
326 1968 448 2002 virum,
490 1968 547 2010 qui
590 1978 642 1998 eos
670 1969 903 2010 composuerit,
930 1966 970 1997 ab
1010 1966 1159 2010 Hispania
1199 1976 1299 2009 genus
1329 1976 1395 1995 non
1438 1964 1554 1996 ducere
1594 1978 1695 2009 posse.

160 2024 267 2059 Quum
299 2030 418 2056 tantam
448 2025 608 2069 possideat
634 2038 739 2058 rerum
773 2028 1054 2058 mauritaniearum
1083 2026 1247 2059 notitiam,
1277 2030 1314 2054 ut
1347 2025 1379 2054 in
1412 2023 1461 2054 his
1501 2027 1592 2055 terris
1619 2038 1694 2057 eum

157 2093 281 2124 semper
306 2085 420 2115 vixisse
448 2092 558 2128 putes,
590 2086 775 2130 Hispaniam
798 2085 931 2128 ejusque
956 2096 1004 2115 res
1030 2082 1141 2114 multis
1170 2085 1203 2113 in
1232 2081 1311 2112 locis
1336 2087 1400 2111 tam
1435 2080 1567 2111 confuse
1604 2084 1692 2114 exbi-

157 2140 226 2171 bet.
247 2148 298 2172 ut.
327 2146 384 2173 nisi
420 2146 514 2176 verba
545 2145 682 2176 aliorum
709 2145 824 2176 melius
850 2144 1037 2176 edoctorum
1063 2143 1280 2185 exscripserit,
1308 2140 1474 2171 historiam
1508 2146 1607 2171 terrae
1637 2154 1692 2185 pe-

153 2202 296 2241 regrinae
322 2213 394 2232 eum
423 2215 546 2235 narrare
573 2204 666 2236 nullo
692 2206 822 2249 negotio
845 2202 1012 2247 intelligas.
1063 2203 1100 2233 ln
1126 2201 1206 2232 urbe
1233 2205 1340 2230 autem
1367 2198 1473 2230 sesana
1500 2197 1690 2230 delineanda

243 2300 272 2333 ¹)
298 2301 350 2329 Csr.
374 2301 475 2339 Nicon,
500 2303 599 2333 Caml.
619 2303 709 2332 codd.
731 2303 832 2332 arabh.
858 2302 930 2330 Bihl.
957 2300 1037 2330 Bodl.
1061 2311 1086 2339 p.
1117 2301 1184 2329 117.
1229 2299 1322 2336 Neque
1353 2297 1411 2326 libri
1442 2297 1555 2331 dix-ersi,
1587 2290 1688 2328 eiimiisi

153 2352 176 2377 in
202 2360 299 2388 genere
322 2363 397 2382 unum
424 2355 465 2383 vel
488 2355 596 2385 alterum
620 2360 732 2385 nominis
755 2355 886 2385 scribendi
908 2353 1009 2383 modum
1031 2359 1187 2392 sequantur,
1213 2356 1280 2380 111101·
1301 2360 1331 2379 se
1355 2353 1459 2378 0111111110
1487 2355 1643 2387 conspirzuit.

1491 2421 1517 2450 A
