2215 2979
753 201 791 207 -
848 183 921 215 513
974 200 1021 206 -

111 280 276 323 strictus,
315 291 436 313 manus
471 277 689 313 oscularetur
721 286 754 314 ct
788 282 897 327 patris
933 287 966 316 et
999 293 1111 322 meas,
1143 279 1286 327 majoris
1326 287 1409 316 natu
1436 288 1592 318 nostrum
1623 288 1657 318 et

112 340 265 373 minoris.
305 338 368 372 lllc
395 344 508 372 autem
536 350 598 371 rex
625 339 658 371 in
687 345 836 387 utroque
863 340 979 375 littore
1013 339 1262 374 Muslemorum
1293 340 1521 380 Abu-susus,
1560 343 1657 375 Mur—

112 397 290 432 relzoschae
318 410 358 432 ac
383 397 479 432 Fesae
506 396 665 430 dominus
693 404 727 431 ct
755 399 889 446 imperii
911 399 1128 433 Mauritaniae
1156 398 1387 444 gubernator,
1415 413 1533 434 omnes
1558 412 1657 445 reges

111 458 246 492 sincera
279 457 402 491 mentis
436 456 612 490 voluntate
649 461 682 489 et
718 456 857 492 fortuna
893 471 1079 505 superans,
1115 459 1220 492 animi
1250 458 1455 493 fortitudine
1489 465 1523 494 ct
1557 459 1657 505 copi-

110 530 207 550 arum
242 529 384 550 numero
420 528 478 550 eos
512 527 582 548 suae
609 512 760 560 subjecit
788 517 968 562 potestati,
1002 522 1052 558 et,
1081 516 1222 562 regibus
1256 531 1274 551 e
1303 524 1404 562 gente
1435 516 1658 553 Benu-Abd-

111 575 305 609 el-Mumen
342 573 484 616 deletis,
517 572 640 607 horum
680 573 851 609 subvertit
892 589 1035 621 regnum
1069 582 1101 610 et
1137 576 1343 624 dynastiam.
1403 577 1453 610 Eo
1491 582 1657 623 excepto,

112 633 227 668 nullus
255 634 288 666 in
323 631 408 666 orbe
440 638 610 666 terrarum
646 644 706 666 rex
741 632 823 666 mihi
859 640 911 667 est
943 634 1124 669 timendus.
1178 635 1282 669 Scitis
1311 635 1417 675 enim,
1450 648 1526 670 eum
1550 648 1604 670 me
1626 640 1659 670 et

111 699 244 740 patrem
279 691 424 734 vicisse,
461 697 587 724 terram
620 689 829 737 subjugasse
866 699 1038 733 nostram,
1074 694 1167 727 viros
1201 700 1234 728 et
1268 694 1392 728 heroas
1422 694 1657 736 interfecisse,

111 751 258 785 feminas
292 749 479 783 abduxisse
513 755 546 783 et
578 748 668 783 bona
704 763 779 784 esse
814 751 1014 797 przrdatum.
1074 752 1177 786 Nulla
1211 752 1311 787 nobis
1345 759 1503 800 superest
1544 753 1656 799 [246]

111 809 260 844 facultas
286 809 315 843 ei
343 808 545 850 resistendi,
580 821 693 855 neque
727 822 803 842 eum
839 809 1013 845 debellare
1041 817 1073 845 et
1104 811 1232 845 adoriri
1270 811 1432 845 vatemus.
1486 812 1658 846 Praeterea

111 881 230 902 omnes
262 867 540 902 Christianorum
575 880 692 912 reges,
724 867 848 901 litteris
882 868 924 902 ad
959 882 1035 903 ‹·um
1072 869 1178 911 (latis,
1211 883 1330 916 pacem
1364 876 1468 917 atque
1503 870 1659 904 inducias

112 927 352 974 implorarunt.
394 927 478 968 Quae
505 926 612 970 igitur
637 926 701 960 erit
729 927 834 965 ratiO,
863 941 935 967 cur,
963 941 1048 974 pace
1074 941 1150 961 cum
1176 929 1384 976 imperatore
1411 929 1659 963 Musa-morum

111 985 261 1032 rejecta,
285 985 416 1027 'foedus
451 997 528 1018 cum
559 997 599 1018 eo
634 985 778 1023 faciam,
813 986 871 1033 qui
905 992 938 1019 et
967 987 1137 1033 potentia,
1173 986 1300 1022 robore
1333 988 1580 1035 intellectuque
1607 1000 1660 1021 me

112 1045 215 1091 longe
242 1047 287 1078 sit
315 1044 468 1077 inferior.
524 1044 607 1077 Haec
635 1057 707 1077 mea
735 1044 839 1078 verba
872 1044 1169 1079 lbn-el-Alnnaro
1199 1047 1385 1080 transterte
1410 1047 1510 1094 eique
1537 1046 1659 1080 dicite:

112 1103 204 1138 nulla
237 1116 402 1150 umquam
440 1115 503 1136 nos
541 1103 631 1136 inter
670 1103 735 1136 erit
766 1104 933 1142 amicitia;
975 1104 1008 1137 id
1044 1103 1136 1151 quod
1176 1105 1275 1143 mihi,
1311 1111 1410 1139 terrm
1446 1111 1479 1139 et
1509 1104 1659 1139 subditis

113 1162 334 1196 utilissimum
363 1160 486 1195 liabeo.
540 1161 582 1194 Ei
608 1162 783 1198 nuntiate.
811 1176 882 1205 me,
908 1163 966 1210 qui
996 1169 1114 1196 contra
1143 1163 1390 1197 Muslemorum
1418 1164 1660 1210 imperatorem

112 1234 165 1255 mc
190 1222 303 1269 ipsum
329 1219 515 1254 defendere
544 1233 611 1254 non
640 1221 755 1267 potui.
784 1221 869 1255 alios
900 1221 1066 1255 advorsus
1093 1235 1168 1255 eum
1196 1228 1378 1269 protegere
1408 1221 1499 1256 haud
1525 1221 1659 1256 valebo.

113 1280 286 1314 l‘ecunias
310 1285 424 1313 autem
447 1292 465 1313 a
489 1278 589 1313 vobis
618 1285 798 1326 acceptas,
827 1294 879 1314 me
905 1281 1029 1319 invito,
1058 1283 1149 1314 ensis
1174 1281 1392 1327 imperatoris
1409 1280 1659 1314 Muslemorum

114 1338 310 1373 abstulit.‘'¹
362 1339 485 1386 Itaque
513 1339 605 1372 omni
634 1351 696 1386 spe
724 1337 765 1371 (le
793 1338 920 1372 auxilio
948 1338 991 1372 ab
1020 1340 1169 1373 Altonso
1203 1339 1391 1373 obtinendo
1419 1338 1573 1386 abjecta,
1608 1338 1660 1373 le-

114 1399 184 1444 gaii
205 1397 495 1432 lbn-el-Alimari
523 1397 695 1431 abierunt.
724 1397 813 1431 Tum
831 1397 1156 1432 Alux-Muhammfflt
1187 1398 1449 1445 Abd-el-tlaqq
1463 1398 1564 1431 dixit:
1590 1396 1658 1431 ’‘le-

111 1457 183 1502 gati
213 1457 352 1504 quidem
385 1456 677 1491 lbn-el-Ahmari
704 1462 785 1489 sunt
816 1457 975 1503 profecti.
1029 1456 1116 1495 Quid
1153 1470 1234 1490 vero
1271 1457 1428 1503 responsi
1459 1456 1658 1503 imperatori

112 1515 363 1550 Muslomorum
396 1529 414 1550 a
451 1522 485 1550 te
520 1512 716 1550 reserani‘?”
769 1515 846 1549 ”Mc
877 1528 1014 1549 servum
1053 1515 1128 1560 ejus
1162 1516 1268 1553 esse'',
1305 1514 1482 1561 Seliandja
1509 1527 1658 1561 respon-

111 1574 180 1617 dit,
214 1575 295 1622 ”qui
323 1576 454 1613 omnia,
483 1575 556 1609 sive
584 1575 807 1622 przreeperit.
838 1575 911 1607 εἰη·
939 1574 1173 1617 interdixerit,
1202 1580 1357 1620 promtus
1382 1574 1536 1607 saciam.”
1589 1573 1661 1607 ”Te

112 1633 155 1667 ad
178 1647 215 1668 sc
238 1634 412 1680 proticisci
440 1634 551 1672 vuls',
580 1634 637 1667 ille
656 1633 785 1680 inquit,
812 1633 869 1665 uut
893 1645 967 1665 eum
992 1633 1209 1667 convenias?
1257 1631 1455 1666 ⁷'Lubenter
1480 1631 1658 1666 obediam*

113 1692 292 1739 Schandja
322 1692 419 1727 (lixit.
460 1694 549 1727 Eum
577 1706 658 1726 vero
688 1693 752 1725 iter
780 1690 821 1724 ad
850 1691 1092 1738 imperatorem
1118 1698 1316 1739 parantem‚
1345 1690 1554 1734 Christiani,
1576 1703 1660 1737 por-

110 1752 156 1785 tis
183 1752 337 1799 Hispalis
367 1752 512 1791 clausis,
544 1751 744 1796 congregati
773 1763 790 1783 a
820 1751 1036 1795 profectione
1065 1749 1238 1784 abstinere
1265 1750 1464 1788 voluerunt,
1489 1749 1660 1784 dicentes:

111 1811 375 1859 ”imperatorem
410 1811 658 1845 Muslemorum
696 1810 872 1851 timemus,
906 1822 947 1842 ne
982 1808 1043 1842 tibi
1077 1808 1207 1856 aliquid
1245 1808 1324 1842 mali
1358 1808 1515 1843 inserat.⁷'
1574 1808 1662 1843 ”Per

112 1870 260 1904 animam
292 1871 436 1906 means’.
467 1870 571 1911 dixit,
608 1869 760 1916 ''jun-avi,
789 1873 827 1901 ut
860 1867 902 1900 ad
938 1867 1032 1901 illum
1067 1868 1264 1915 profectus,
1300 1880 1414 1901 coram
1451 1866 1661 1915 colloquar²‚

112 1928 287 1977 quomodo
315 1942 383 1975 pax
409 1942 472 1962 nos
501 1929 590 1962 inter
617 1926 822 1961 stabiliatur
879 1926 966 1959 Eum
1001 1939 1134 1960 meeum
1162 1939 1280 1972 agere,
1313 1926 1601 1973 quemadmodum
1632 1926 1663 1961 ei

113 1988 303 2035 placuerit,
337 1988 547 2034 patiamini.''
601 1987 765 2020 Animum
801 1997 884 2029 ergo
915 1985 991 2031 ejus
1019 1985 1153 2019 firmum
1183 1985 1357 2028 videntes,
1386 1998 1461 2020 eum
1490 1985 1664 2032 proficisci

113 2047 208 2094 passi
241 2051 329 2079 sunt.
387 2047 500 2088 Quum
530 2045 596 2079 diei
630 2046 695 2079 iter
722 2043 857 2090 Hispali
886 2043 1037 2083 abesset,
1066 2045 1187 2078 timore
1211 2044 1379 2089 agitatus,
1406 2050 1439 2078 et
1465 2051 1557 2079 metu
1585 2057 1665 2078 cor-

114 2111 251 2152 reptus,
289 2103 630 2139 Abu-Muliammedi
664 2102 951 2150 Abd-el-llaqqo
988 2103 1168 2149 interpreti
1201 2103 1303 2137 dixit:
1339 2104 1452 2138 ”cives
1488 2116 1582 2138 meos
1612 2116 1666 2138 me

110 2178 131 2198 n
143 2177 187 2198 on
216 2163 414 2210 impediisse
442 2162 666 2202 crediderim,
695 2162 760 2195 nisi
784 2175 822 2195 re
848 2167 943 2195 certo
971 2162 1118 2207 cognita
1160 2163 1191 2195 A
1218 2168 1250 2196 te
1276 2163 1381 2208 igitur
1397 2168 1494 2209 peto,
1520 2168 1558 2196 ut
1584 2161 1668 2196 mihi

121 2222 346 2270 jurejurando
376 2222 578 2269 promittas,
606 2235 660 2256 me
688 2220 780 2268 apud
811 2220 905 2254 illum
937 2220 1011 2255 sore
1044 2233 1204 2254 securum
1233 2234 1346 2269 neque
1377 2221 1469 2256 aliud
1499 2227 1666 2270 expertu-

658 2281 675 2295 Η

119 2296 213 2323 rum,
242 2294 345 2329 quam
374 2294 443 2328 quo
477 2279 654 2325 gaudeam.
728 2281 842 2323 Quum
876 2278 1221 2322 Abu-Muhammed‚
1252 2279 1450 2327 juramento
1484 2294 1502 2315 a
1530 2294 1567 2316 se
1592 2280 1668 2315 usi-

233 2382 254 2425 ¹)
278 2382 443 2427 p-K-st-l-‘ss
470 2382 501 2413 b.
529 2382 560 2414 d.
586 2397 687 2424 4».me
714 2385 746 2415 h.
855 2380 877 2423 ¹·⁷)
907 2382 1064 2424 ψ”.ἐρζῶᾷε
1092 2394 1118 2413 e.
1144 2382 1274 2424 5445.ss221:
1302 2381 1334 2414 d.
