2215 2979
807 180 1088 213 —xln—

180 287 248 319 tae,
280 287 385 327 gestae
423 287 515 320 sunt,
553 284 672 315 mirum
713 283 745 313 in
784 281 919 315 modum
959 281 1105 315 excultae
1147 281 1294 318 fuerunt;
1338 286 1493 319 attamen,
1520 282 1643 314 etiamsi
1676 283 1719 312 ita

180 341 284 374 multa
310 347 384 374 ante
410 344 571 387 incognita
606 342 699 374 nobis
740 353 827 374 nunc
855 348 1001 388 pateant,
1029 353 1160 387 campus
1190 347 1318 387 superat
1349 344 1562 379 vastissimus,
1594 344 1626 372 in
1654 352 1719 386 quo

179 403 239 432 viri
268 399 354 432 docti
383 402 508 446 ingenia
543 401 600 433 diu
627 407 801 434 exerceant.
854 402 963 434 Donec
998 403 1162 439 omnium,
1190 412 1272 446 quae
1307 400 1362 431 has
1399 399 1578 431 inhabitant
1603 405 1718 436 terras,

180 459 326 491 tribuum
362 459 597 492 herbericarum
635 462 802 505 cognatio,
841 463 995 506 origines,
1030 460 1158 505 lingua,
1185 471 1304 497 mores,
1332 457 1495 491 domicilia
1525 461 1658 503 antiqua
1688 464 1719 489 et

178 517 351 554 hodierna,
378 517 497 550 suerint
525 522 749 564 pervestigata,
776 521 988 565 Arabumque
1015 531 1089 551 cum
1116 519 1165 550 his
1192 521 1420 551 commercium
1449 524 1496 554 et,
1524 530 1607 562 quae
1643 516 1718 548 inde

177 582 268 607 enata
297 582 360 613 est,
384 579 554 621 utriusque
582 577 696 609 diversi
725 578 840 622 populi
868 585 980 610 mutua
1008 581 1088 609 ratio
1116 577 1288 621 explicata,
1317 577 1398 608 niliil
1427 579 1502 608 certi
1532 580 1563 608 in
1591 577 1648 607 hac
1684 588 1716 607 rc

176 634 302 666 definiri
330 639 464 679 poterit,
490 636 545 668 sed
569 639 675 668 omnia
701 649 778 681 vaga
811 644 905 669 erunt
932 644 1029 681 atque
1059 636 1169 669 dubia.
1223 638 1371 669 Cernitur
1398 648 1530 680 quoque
1566 638 1596 666 in
1626 634 1715 666 libris

175 704 272 724 manu
299 696 424 738 scriptis
451 706 562 738 magna
590 697 759 726 nominum
786 696 1028 729 scribendorum
1061 700 1209 735 variatio,
1238 710 1335 742 quam
1364 700 1550 741 interpretes
1578 698 1716 739 priores,

175 753 320 785 codicem
345 757 443 784 secuti
470 757 619 791 unicum,
646 766 711 786 non
738 755 861 799 ubique
886 758 947 787 rite
977 756 1197 787 observarunt.
1249 756 1279 787 Si
1309 757 1381 799 quis
1412 757 1442 785 in
1472 759 1519 785 tot
1553 764 1587 784 ac
1620 755 1715 783 tantis

174 811 414 856 impedimentis
441 824 546 843 reram
575 812 745 844 lectionem
774 825 900 857 semper
927 826 959 845 se
996 816 1119 858 assequi
1156 826 1248 858 posse
1275 812 1491 848 contenderit,
1519 824 1597 843 vana
1633 814 1714 842 veri-

171 873 246 901 tatis
272 873 377 914 specie
404 870 543 903 falletur.
597 874 638 902 At
665 873 696 902 in
724 871 872 915 plurimis
905 871 983 903 locis
1010 885 1061 904 me
1088 886 1104 904 e
1130 876 1321 904 variantium
1349 874 1441 916 copia
1467 874 1621 915 optimam
1649 869 1713 901 elc-

172 931 252 960 ‹risse
278 935 376 972 puto,
403 936 449 966 et,
477 933 500 961 si
522 929 604 974 quid
624 932 748 974 gravius
773 936 941 974 peccatum
966 934 997 962 in
1021 938 1110 963 textu
1135 932 1200 974 jam
1223 932 1311 964 edito
1344 937 1453 974 postea
1484 929 1711 965 animadverti,

171 954 191 973 υ

171 986 204 1018 id
229 990 260 1018 in
289 988 567 1020 observationibus
594 994 702 1019 notare
728 988 849 1020 studui.

268 1048 369 1080 Nemo
398 1052 429 1080 in
455 1051 556 1085 notis,
583 1050 721 1079 versioni
752 1047 869 1079 latinae
895 1048 1063 1090 subjectis,
1092 1051 1246 1093 integram
1274 1051 1447 1092 scripturae
1468 1048 1628 1077 varietatis
1657 1058 1710 1078 su.-

167 1106 364 1150 pellectilem
398 1111 539 1151 quaerat.
593 1105 776 1149 L'nicuique
813 1105 912 1136 libros
950 1107 1091 1138 Arabum
1136 1110 1287 1139 attentius
1327 1105 1485 1138 evolventi
1520 1110 1628 1148 patet,
1655 1116 1708 1135 eos

165 1169 303 1198 nimium
331 1171 489 1211 quantum
514 1166 650 1201 variare,
676 1176 775 1208 quare
810 1166 841 1195 in
874 1163 1040 1196 codicibus
1079 1178 1111 1198 se
1150 1169 1232 1198 inter
1258 1165 1458 1198 conferendis
1498 1168 1706 1198 variantium.

164 1236 245 1268 quas
276 1223 406 1261 dicunt,
443 1222 620 1255 lectionum
662 1224 754 1265 copia
798 1234 890 1266 saepe
917 1221 983 1253 fere
1015 1225 1169 1255 immensa
1207 1223 1258 1260 fit,
1297 1223 1395 1268 idque
1431 1234 1468 1254 eo
1495 1225 1610 1266 magis,
1639 1234 1704 1266 quo

163 1281 409 1326 negligentiores
438 1279 650 1323 rudioresque
676 1285 752 1310 sunt
779 1280 916 1316 scribae,
950 1285 986 1311 ut
1020 1282 1052 1311 in
1092 1280 1347 1312 Mauritanorum
1376 1279 1485 1315 libris,
1523 1281 1580 1324 qui
1608 1277 1705 1311 latius

160 1342 265 1385 vagati
292 1345 383 1377 sunt,
416 1337 537 1370 sactum
576 1337 674 1368 fuisse
716 1336 867 1368 vidimus.
917 1337 990 1369 Non
1019 1337 1116 1370 modo
1158 1338 1295 1375 litteras,
1323 1341 1355 1369 in
1398 1337 1538 1369 dialecto
1578 1336 1701 1381 vulgari

162 1410 263 1444 paene
289 1397 456 1442 aequales,
485 1399 519 1428 in
557 1398 680 1441 puriori
721 1402 826 1427 autem
868 1395 976 1441 lingua
1014 1397 1096 1430 bene
1129 1396 1369 1443 distinguendas
1408 1399 1618 1441 permiscent,
1645 1382 1726 1427 sed'

161 1464 272 1490 contra
296 1456 422 1502 regulas
448 1458 668 1502 grammaticas
688 1466 820 1500 quoque
849 1457 968 1487 mirum
995 1458 1027 1487 in
1056 1456 1190 1488 modum
1216 1462 1365 1501 peccant,
1398 1467 1593 1499 sensumque
1624 1456 1701 1486 scri-

160 1519 262 1561 ptoris
287 1515 370 1548 male
397 1515 627 1561 intelligentes,
652 1517 823 1546 sententias
847 1517 960 1547 misere
976 1514 1179 1561 detorquent.
1232 1516 1301 1547 Huc
1324 1514 1463 1551 accedit,
1492 1513 1526 1544 id
1550 1512 1641 1558 quod
1665 1515 1699 1544 in

161 1587 275 1620 genere
302 1574 342 1606 de
365 1578 591 1619 manuscriptis
618 1574 822 1606 orientalium
849 1574 948 1611 valet,
981 1575 1071 1620 quod
1097 1575 1261 1613 librarius,
1295 1574 1335 1606 ad
1365 1579 1556 1619 anagnostae
1585 1584 1697 1604 vocem

165 1633 284 1666 librum
312 1645 458 1671 exarans,
485 1640 540 1666 aut
567 1633 650 1665 male
677 1632 834 1664 audiverit
869 1639 925 1665 aut
961 1633 1044 1666 male
1072 1634 1231 1679 praelecta
1259 1633 1406 1679 religiose
1433 1633 1530 1665 fuerit
1556 1637 1696 1664 secutus.

161 1692 244 1724 Hinc
268 1694 390 1736 optime
418 1691 620 1736 explicantur
646 1697 694 1723 tot
738 1691 800 1723 loci
830 1695 937 1724 omissi
977 1699 1008 1724 et
1033 1695 1216 1728 nominum,
1234 1695 1442 1738 propriorum
1480 1691 1694 1736 perturbatio.

157 1751 190 1784 Si
216 1764 373 1797 umquam
400 1750 494 1788 alias,
518 1751 570 1783 hic
595 1750 724 1783 delectu
753 1762 835 1795 opus
861 1757 916 1783 est.
969 1751 1073 1789 Quem
1113 1755 1157 1784 ita
1196 1754 1340 1789 institui,
1377 1757 1414 1783 ut
1448 1753 1510 1782 nisi
1535 1749 1694 1794 quaedam

155 1810 200 1843 ad
226 1810 369 1843 indolem
394 1809 514 1843 codicis
540 1809 797 1847 illlustrandam,
824 1813 857 1842 in
883 1813 994 1855 primis
1024 1812 1063 1843 ab
1092 1814 1200 1849 initio,
1233 1810 1399 1844 retinenda
1429 1810 1630 1846 viderentur,
1657 1820 1693 1840 ο-

155 1872 242 1903 mnia
267 1872 465 1907 omitterem,
495 1872 578 1914 quae
605 1869 727 1902 litteras
753 1871 839 1900 varie
864 1872 995 1914 scriptas
1020 1876 1198 1915 spectarent
1224 1876 1280 1901 aut
1310 1883 1327 1902 a
1351 1871 1576 1915 grammaticae
1612 1867 1691 1913 legi-

151 1927 214 1961 bus
239 1927 456 1959 abhorrerent.
509 1927 546 1958 In
572 1928 759 1959 nominibus
785 1937 859 1958 vero
886 1929 1022 1972 propriis
1049 1926 1234 1972 diligentior
1260 1927 1327 1965 fui,
1360 1933 1475 1972 utpote
1510 1938 1593 1971 quae
1623 1937 1691 1958 non

150 1996 221 2018 raro
249 1984 349 2017 dubia
379 1989 500 2021 essent,
526 1995 662 2028 eamque
692 1984 734 2017 ob
762 1995 902 2015 caussam
927 1996 944 2016 e
983 1985 1183 2017 versionibus
1217 1984 1374 2025 Dombayi
1414 1990 1446 2016 et
1477 1983 1609 2015 Mourae
1636 1982 1689 2028 (D.

151 2050 184 2077 et
213 2044 286 2085 M.)‚
314 2046 340 2076 si
367 2056 385 2075 a
409 2048 500 2075 textu
526 2050 654 2088 recepto
683 2043 923 2089 quodammodo
951 2042 1170 2081 discederent,
1194 2042 1341 2074 locorum
1369 2044 1606 2087 hominumque
1633 2053 1688 2086 ap-

148 2102 340 2148 pellationes
367 2101 474 2134 attuli.
526 2104 605 2135 Prae
626 2106 737 2136 ceteris
761 2103 886 2136 codices
907 2115 934 2135 a.
949 2104 981 2135 b.
1005 2115 1032 2135 c.
1052 2102 1082 2135 d.
1111 2115 1137 2135 e.
1152 2114 1277 2134 summa
1303 2102 1367 2134 fide
1390 2103 1556 2140 consului,
1572 2113 1685 2147 quam·

147 2173 246 2206 quam
273 2161 391 2206 reliqui
417 2171 483 2192 non
507 2173 622 2206 parum
646 2161 795 2194 utilitatis
826 2161 905 2193 mihi
931 2162 1156 2206 praebuerunt.
1209 2161 1311 2205 Supra
1348 2160 1414 2203 jam
1453 2160 1576 2192 dictum
1620 2166 1682 2192 est.

144 2223 286 2254 earmina
311 2222 487 2265 scripturae
511 2224 662 2254 varietate
688 2221 831 2254 laborare
853 2224 998 2254 maxima.
1050 2221 1097 2253 Ne
1119 2221 1207 2264 justo
1240 2219 1397 2264 prolixior
1426 2219 1479 2251 hic
1505 2219 1623 2254 fici-im,
1645 2216 1683 2248 li-

142 2279 219 2312 bros
239 2293 266 2314 a.
285 2286 316 2312 et
341 2290 367 2311 c.
395 2277 492 2312 duces
519 2280 713 2326 plerumque
739 2286 884 2318 secutus,
911 2286 1088 2312 ceterorum
1113 2277 1212 2311 modo
1229 2277 1442 2310 differentiam
1469 2289 1538 2309 eam
1563 2276 1682 2306 notavi.

141 2349 226 2384 quae
249 2338 291 2373 ad
317 2349 447 2373 sensum
476 2346 682 2387 metrumque
693 2352 844 2374 versuum
855 2339 1046 2374 mutandum
1059 2341 1245 2387 pertineret.
1296 2339 1344 2371 De
1369 2339 1474 2384 pretio
1500 2336 1678 2369 lectionum
