2215 2979
735 192 1011 224 -515—

148 297 330 343 Quomodo
357 295 515 331 monachi
537 300 569 330 et
593 298 790 332 sacerdotes
816 297 1116 347 Christianorum,
1143 303 1180 332 ul
1200 311 1320 345 pacem
1343 304 1522 347 peterent,
1547 300 1595 334 a'd

461 355 576 389 aulam
605 355 826 401 imperatoris
853 357 1105 392 Aluslemorum
1129 359 1282 394 veniunt.

199 426 312 464 Quum
340 425 527 471 imperator
550 421 799 458 Muslemorum
825 430 970 473 propter
997 424 1142 459 hiemem
1168 428 1505 476 appropinquantem
1534 429 1646 465 Sche-

98 482 215 517 riseho
239 485 273 518 in
299 482 386 517 fines
413 495 494 517 suas
522 487 634 516 castra
664 484 845 522 movisset,
873 484 1069 532 Schandjn,
1097 499 1158 520 rex
1184 486 1482 533 Christianorum,
1512 490 1645 539 Hispali

99 540 142 575 ad
165 540 352 576 Seheriseh
380 541 474 575 venit
497 546 531 576 et
558 541 703 586 vestigia
731 542 815 576 vidit
838 544 1093 589 conversionis,
1120 559 1223 593 quam
1251 546 1376 582 milites
1397 548 1431 582 in
1455 547 1530 595 ejus
1554 554 1646 584 terra

98 607 258 641 urentes,
288 600 484 639 diruentes,
513 598 703 638 caedetlteS,
733 602 888 647 captivos
916 602 1099 643 ducentes,
1128 604 1365 645 devastantes,
1397 613 1466 642 tam
1494 608 1528 642 in
1545 621 1646 642 mon·-

97 659 191 694 tibus
215 672 318 707 quam
345 659 380 692 in
404 658 554 693 vallibus
580 657 745 692 fecerant.
799 661 914 702 Quare
948 663 1082 697 animus
1111 664 1191 709 igne
1224 663 1354 699 doloris
1383 672 1564 714 correptus
1595 672 1647 701 est

98 724 132 753 et
158 731 301 752 somnus
333 718 367 751 in
395 717 547 762 vigiliam
575 722 738 752 mutatus.
792 718 1019 767 Rendijasum
1056 722 1258 757 familiarem
1296 738 1396 758 suum
1425 738 1501 759 cuni
1530 724 1647 760 multis

97 773 339 809 sacerdotibus
351 773 373 818 ¹,
401 773 580 808 monachis
610 779 643 807 et
669 774 885 821 principibus
915 777 1190 813 venerabilibus²
1217 779 1261 813 ad
1288 780 1400 814 aulam
1428 782 1647 828 imperatoris

97 833 251 868 fidelium
282 834 384 869 misit.
442 834 489 867 Hi
522 833 703 872 submissi,
737 833 901 878 humiles,
937 835 1087 883 subjecti
1122 843 1155 871 et
1189 837 1298 872 timidi
1335 852 1457 887 pacem
1493 852 1647 875 summo-

98 905 182 940 pere
205 892 442 927 desiderantes
466 905 506 926 eo
533 891 758 926 advenerunt.
812 894 881 928 Sed
908 895 1095 942 imperator
1123 911 1166 931 110
1194 896 1338 932 verbum
1366 899 1504 947 quidem
1529 912 1647 935 corum

99 949 247 987 audivit,
283 961 395 996 neque
428 947 558 982 bonum
591 961 654 983 nec
687 949 812 984 malum
846 952 886 985 iis
920 953 1108 999 respondit.
1167 954 1290 1001 ltaque
1325 968 1386 1002 spe
1418 955 1577 990 frustrati
1604 955 1648 990 ad

98 1007 275 1043 dominum
303 1021 340 1042 se
367 1006 586 1053 aliiegantem
614 1014 842 1043 reverterunt.
894 1011 929 1044 Is
955 1017 1069 1045 tamen
1098 1025 1156 1046 eos
1182 1013 1305 1047 iterum
1331 1014 1477 1060 legavit,
1511 1014 1646 1050 dicens:

99 1067 164 1101 '‘ad
197 1067 293 1101 illum
327 1067 552 1101 revertimini.
603 1066 739 1101 Forsan
776 1069 1077 1104 eommovel›it1u·.''
1130 1071 1330 1106 Redeuntes
1360 1074 1484 1119 igitur,
1512 1074 1553 1107 ”o
1586 1086 1647 1108 rex

101 1126 319 1165 victoriose'’‚
346 1127 376 1160 ei
407 1126 588 1168 dixerunt,
616 1126 759 1160 ”animis
782 1127 924 1172 fractis,
962 1128 1124 1163 cordibus
1152 1131 1312 1165 laceratis
1341 1137 1374 1166 ct
1402 1133 1579 1180 oppressis
1604 1131 1647 1166 ad

99 1192 134 1220 tc
166 1186 344 1229 venimus⁷
384 1188 518 1219 veniam
550 1192 644 1220 tumn
683 1193 879 1233 sperantes,
918 1194 950 1222 et
974 1202 1094 1236 pacem
1130 1196 1287 1236 petentes
1319 1203 1359 1225 ac
1388 1191 1522 1226 foedus.
1572 1191 1648 1225 Pax

100 1243 190 1277 enim
218 1256 274 1277 res
299 1243 429 1291 optima
457 1249 519 1277 est.
572 1243 696 1291 Itaque
722 1257 766 1278 ne
793 1244 999 1279 desiderium
1027 1253 1181 1281 nostrum
1211 1248 1406 1288 frustreris,
1435 1262 1499 1284 nee
1525 1261 1647 1296 preces

100 1301 278 1349 abjicias.''
331 1301 508 1343 '’Pacem''‚
542 1301 742 1349 respondit,
777 1303 874 1337 ”eum
908 1317 989 1349 rege
1024 1312 1139 1339 vestro
1174 1319 1242 1339 non
1275 1306 1418 1351 faciam,
1449 1308 1516 1341 nisi
1545 1319 1647 1342 acce-

100 1361 191 1408 perit
218 1360 453 1400 conditiones,
481 1374 569 1409 quas
597 1361 732 1407 legatus
763 1361 806 1395 ad
836 1375 912 1395 eum
942 1363 1130 1397 mittendus
1157 1364 1186 1397 ei
1217 1370 1375 1411 exponet.
1429 1365 1466 1398 Si
1494 1378 1551 1399 cas
1582 1378 1647 1413 ap—

100 1419 320 1466 probaverit,
349 1433 468 1467 pacem
496 1419 605 1461 dab03
635 1419 728 1468 quod
754 1420 783 1454 si
810 1420 989 1467 rejecerit,
1019 1434 1094 1454 011111
1125 1420 1337 1455 debellabo?
1379 1421 1647 1457 Abu-Muham-

101 1479 191 1515 medi
207 1479 501 1527 Abd—el-tlaqqo
521 1478 672 1526 principi
699 1476 900 1525 interpreti3
925 1478 1054 1515 accito,
1086 1478 1141 1511 ”tu
1170 1479 1340 1526 quidem”‚
1366 1482 1496 1530 inquit,
1522 1482 1586 1517 ”ad
1612 1483 1645 1517 i-

100 1545 192 1574 stum
226 1538 460 1587 proficisceris
494 1537 735 1580 maledictum,
774 1537 803 1570 ei
836 1536 909 1570 ha¹c
945 1537 1228 1571 animntiaturus:
1267 1539 1460 1586 Imperator
1492 1541 1646 1576 fidelium

101 1598 165 1633 tibi
195 1597 296 1632 dicit:
326 1610 446 1645 pacem
475 1603 588 1631 tecum
617 1609 686 1631 non
715 1609 789 1629 sum
817 1595 975 1629 facturus
1011 1609 1073 1629 nec
1106 1596 1235 1631 1101111111
1267 1611 1380 1646 neque
1409 1599 1646 1646 expeditiones

100 1658 135 1691 in
162 1656 249 1691 fines
275 1657 373 1702 regni
400 1656 449 1690 tui
473 1656 745 1697 intermissmus,
773 1655 839 1688 nisi
866 1654 921 1687 his
949 1655 1217 1690 conditionibus.
1270 1656 1424 1692 Posthac
1449 1671 1562 1706 neque
1588 1672 1646 1692 ur-

99 1715 181 1751 bem
208 1729 272 1750 nec
299 1728 420 1749 navem
449 1714 684 1749 muslemieam
721 1713 952 1760 aggrediaris⁷
987 1719 1019 1748 et
1048 1719 1139 1748 terra
1167 1714 1323 1764 marique
1356 1717 1398 1751 iis
1427 1717 1516 1751 mala
1544 1730 1647 1752 num-

101 1787 206 1822 quam
232 1773 382 1816 inseras,
412 1773 476 1806 sivi
504 1772 587 1807 mihi
613 1772 742 1806 suerint
767 1770 929 1818 subjecti,
957 1771 1030 1806 sive
1048 1771 1123 1805 aliis
1150 1780 1305 1819 pareant.
1349 1774 1647 1818 Quemadmodum

100 1843 224 1866 servus
251 1830 335 1865 mihi
362 1831 449 1870 eris,
479 1831 552 1865 sive
578 1829 729 1877 jussero,
755 1829 828 1862 sive
856 1827 938 1876 quid
966 1828 1186 1863 intel-dixero.
1226 1830 1373 1873 Quando
1400 1831 1562 1866 Muslemi
1585 1844 1647 1878 per

100 1889 206 1925 urbes
233 1896 309 1924 tuas
337 1890 537 1924 commercii
566 1894 626 1922 aut
656 1888 743 1922 lucri
768 1900 889 1921 caussa
919 1886 1099 1929 meabant,
1122 1889 1181 1924 iis,
1210 1888 1305 1923 nulla
1338 1889 1465 1937 injuria
1494 1891 1646 1934 affectis,

101 1948 251 1995 vectigal
280 1949 354 1983 sive
388 1948 554 1989 cffrlnemi,
593 1948 666 1982 sive
699 1947 793 1981 aurei
827 1945 919 1980 haud
949 1946 1116 1994 impones.
1170 1947 1342 1982 Praeterea
1376 1947 1482 1983 rebus
1515 1949 1648 1985 Musle-

101 2019 236 2042 morum
261 2009 400 2042 minime
426 2013 461 2041 te
486 2006 699 2048 admiscens,
724 2007 851 2040 nemini
879 2019 996 2040 eorum
1016 2007 1051 2040 in
1075 2006 1167 2041 beilo
1195 2007 1340 2042 aderis.”
1378 2007 1648 2044 Abu-Muham-

102 2067 179 2103 med
202 2067 487 2115 Abd-el-Haqq,
512 2073 551 2101 ut
577 2066 784 2112 legationem
812 2066 982 2114 perferret
1006 2073 1039 2101 et
1063 2067 1280 2103 conditiones
1305 2075 1494 2116 exponeret
1514 2069 1558 2104 ab
1582 2070 1646 2104 ima

101 2132 264 2176 peratore
290 2127 507 2175 propositas,
540 2126 741 2173 profectus,
776 2127 811 2159 in
839 2125 916 2160 aula
951 2139 1012 2160 sua
1041 2126 1175 2175 Hispali
1209 2129 1333 2176 (quam
1361 2128 1478 2170 Deus,
1505 2141 1649 2176 precor,

101 2184 284 2220 Muslemis
319 2186 516 2230 restituatl)
544 2198 660 2231 regem
692 2186 841 2226 invenit,
873 2190 924 2227 ct,
959 2183 1166 2219 salutatione
1196 2185 1310 2229 tacta,
1338 2184 1539 2219 mandatnm
1566 2198 1648 2220 sus-

103 2252 240 2294 ceptum
282 2246 416 2293 peregit
454 2245 740 2294 conditionesque
783 2245 880 2293 pacis
916 2244 1085 2292 exposuit.
1157 2243 1294 2289 Quibus
1331 2244 1506 2292 acceptis,
1545 2243 1648 2279 Abu-

211 2364 220 2384 ¹
245 2365 405 2409 &affl-255
433 2378 460 2399 c.
570 2362 593 2407 2)
619 2363 763 2412 caefi-2³
791 2376 817 2396 ο.
848 2362 1002 2412 &yses
1033 2364 1063 2396 b.
1173 2361 1196 2406 ³)
1223 2362 1366 2411 „gusia-ss
1393 2365 1424 2396 12.
1451 2375 1479 2396 ο.

1469 2433 1518 2465 4ο
