2215 2979
691 215 861 247 -273
917 231 957 239 -

59 308 114 347 sit,
130 314 164 343 et:
179 307 318 347 milites,
344 309 457 355 [212]
484 309 731 345 ins1a1·validi¹
753 312 902 347 fluminis
931 313 983 348 vel
1006 313 1214 348 locustarum
1232 311 1358 347 turbae.
1394 314 1426 347 in
1454 316 1592 361 regione

61 366 205 401 el-Vadi
229 366 400 401 el-Kebiri
427 367 559 408 diffusi,
587 384 724 413 omnes,
752 386 839 419 quas
863 372 1106 420 praeteribant,
1133 371 1274 406 arbores
1293 371 1507 414 ceciderunt,
1531 373 1594 407 du-

60 433 186 461 xerunt
226 428 397 474 captivos,
447 442 555 475 pagos
597 430 793 470 diruerunt,
838 444 962 478 pecora
1008 431 1214 475 abegerunt,
1252 438 1413 465 usserunt
1450 439 1593 477 segetes.

60 488 204 521 Cunctis
238 486 342 534 hujus
375 489 560 534 provinciae
590 488 690 523 bonis
724 489 886 537 direptis,
919 491 1001 524 viris
1033 490 1181 524 inventis
1216 491 1359 531 occisis,
1391 489 1508 525 liberis
1537 492 1594 526 sa-

60 547 230 594 miliisque
264 547 391 593 captis,
424 560 535 595 usque
562 548 604 582 ad
636 548 814 582 castellum
847 548 1069 583 et-Modovar
1100 561 1207 595 prope
1241 548 1438 583 Cordubam
1470 563 1594 596 proce-

60 605 163 647 dens,
193 606 227 638 in
255 604 321 639 hoe
355 608 457 640 etiam
489 612 601 640 tractu
631 606 749 642 eodem
780 606 880 641 modo
907 613 1100 650 grassatus,
1135 607 1286 647 caedens,
1321 608 1450 643 ducens
1481 613 1594 658 capti-

60 676 139 706 vos,
167 676 268 709 agros
297 664 520 703 comburens,
551 678 657 711 pagos
685 672 717 700 et
745 666 870 700 fundos
898 665 1095 704 destruens,
1122 667 1166 700 ita
1189 674 1225 701 ut
1248 681 1381 702 omnem
1404 669 1593 712 Cordubw,

60 723 190 758 [bedae
220 730 252 758 et
279 725 413 771 Bejasa*
442 725 654 772 proxinciam
691 724 937 773 depopulatus⁷
969 726 1072 760 millia
1108 727 1382 761 Christianorum
1417 730 1593 764 innumera

59 783 273 817 interficeret
307 789 340 817 et
373 783 518 817 {eminas
552 782 751 831 liberosque
787 782 973 817 abduceret
1008 786 1173 832 captivos.
1227 787 1265 820 Iu
1294 800 1372 820 arce
1396 788 1535 822 Balma²
1561 789 1595 823 vi

62 846 161 887 capta
188 840 347 875 Muslemi
366 847 509 882 cuncta,
531 855 606 889 qua·
633 843 778 883 inerant,
804 841 893 875 bona
911 843 1069 888 praulati,
1093 844 1212 891 spoliis
1237 846 1351 879 onusti
1371 852 1459 880 sunt.
1500 847 1594 881 Mus-

60 899 227 934 lemorum
254 900 441 946 imperator
465 900 536 946 jam
564 899 713 947 praedam
747 912 870 944 eogere
905 899 1027 947 jussit,
1064 908 1096 936 et
1128 902 1251 942 boves,
1281 917 1382 947 oves,
1411 906 1508 952 equi,
1533 906 1594 953 ju-

60 964 190 998 menta,
216 957 376 1001 barbari,
406 958 631 999 Christianae,
658 958 769 997 liberi,
797 964 908 992 vestes
932 965 963 992 et
988 973 1078 993 arina
1104 966 1152 995 tot
1174 974 1213 995 ae
1234 968 1327 996 tanta
1345 969 1424 996 sunt
1440 964 1594 1007 collecta,

61 1023 109 1056 ut,
135 1016 227 1051 haud
248 1017 496 1064 computanda,
527 1030 667 1064 campos
695 1017 871 1065 vallesque
898 1017 1119 1065 complerent.
1161 1020 1283 1054 Omnia
1308 1028 1387 1056 ante
1415 1036 1452 1056 se
1471 1036 1594 1067 agens,

62 1076 148 1117 loca,
174 1089 401 1124 quaecumque
427 1077 635 1122 praeteriret,
665 1075 841 1113 incendio,
869 1076 971 1114 caede,
1000 1077 1133 1111 excidio
1157 1084 1189 1112 et
1205 1080 1301 1112 ruina
1320 1080 1486 1126 perdidit,
1516 1087 1594 1116 tan-

62 1141 204 1183 tumque
231 1135 389 1169 accendit
409 1135 443 1168 in
471 1134 524 1168 his
551 1133 636 1168 loeis
663 1135 794 1179 ignem,
821 1141 858 1168 ut
883 1136 978 1180 regio
1004 1141 1176 1183 tamquam
1203 1150 1334 1172 aurora¹
1362 1138 1494 1173 rubedo
1521 1140 1594 1174 fut-

61 1200 167 1239 geret.
227 1194 366 1241 Captivi
400 1191 600 1227 turmatim³

635 1192 852 1227 ducebantur
883 1200 915 1227 et
950 1207 1073 1240 pecora
1114 1196 1182 1229 Nili
1219 1198 1328 1230 instar
1364 1198 1595 1235 confluebant.

61 1252 171 1287 Tum'
198 1252 442 1286 Muslemorum
471 1252 675 1299 imperator,
705 1252 895 1298 pecudibus
926 1259 1005 1287 aute
1032 1266 1068 1287 se
1094 1255 1179 1288 actis
1208 1261 1240 1289 et
1268 1255 1475 1290 Christianis
1503 1270 1595 1292 eom—

62 1310 210 1359 pedibus
244 1312 389 1352 vinctis,
424 1310 467 1344 ad
501 1310 622 1346 urbem
650 1310 839 1357 Estidjam⁵
875 1317 985 1345 eastra
1015 1313 1138 1352 movit,
1170 1312 1230 1346 ubi
1257 1315 1397 1349 nuntius
1424 1329 1499 1350 eum
1528 1316 1593 1351 do-

63 1370 152 1414 cuit,
177 1382 295 1404 omnes
322 1368 537 1404 Christianos
571 1369 614 1403 ad
642 1370 832 1416 principem
861 1376 893 1404 et
920 1369 1040 1404 ducem
1075 1385 1173 1405 suum
1202 1372 1404 1407 Dun-Nuna
1432 1374 1593 1410 collectos

62 1442 155 1471 esse,
183 1429 243 1477 qui
271 1441 347 1463 cum
377 1428 490 1462 valida
518 1442 620 1462 manu
649 1434 682 1462 et
709 1429 841 1473 magnis
870 1429 1078 1463 exercitibus
1105 1432 1260 1470 exiisset,
1287 1438 1324 1466 ut
1350 1432 1594 1468 Muslemorum

60 1493 302 1533 imperatorem
339 1492 509 1535 quaereret
543 1492 576 1521 et
606 1486 805 1522 debellaret.
866 1489 962 1524 ''iloe
997 1491 1072 1537 ipso
1104 1491 1188 1531 diff,
1219 1491 1322 1534 dixit,
1359 1491 1412 1526 ”te
1441 1490 1594 1525 offendet

62 1558 186 1592 pugnae
210 1550 371 1593 paratus,
396 1551 430 1580 et
454 1544 605 1592 praedam
632 1544 695 1579 tibi
726 1552 876 1592 ereptam
906 1548 1068 1582 aurei-01²2

87 1603 145 1637 De
181 1604 400 1650 expeditione
437 1602 690 1637 rtluslemorum
724 1603 943 1649 imperatoris
975 1605 1141 1639 adversus
1174 1600 1415 1638 Dan-Nanass
1448 1602 1566 1636 ducem

684 1660 974 1696 Christianorum.

161 1719 354 1767 Imperator
392 1720 660 1758 Mmlemorum,
701 1726 884 1768 postquam
921 1734 996 1755 cum
1038 1721 1189 1755 exercitu
1224 1715 1356 1753 ⁴victore
1392 1724 1425 1752 et
1458 1717 1593 1764 pra-da,

62 1791 165 1826 quam
197 1779 292 1813 Deus
320 1779 350 1813 ei
383 1778 541 1821 dederat,
577 1777 747 1825 Estidjam
778 1780 885 1820 venit,
916 1780 1072 1813 nuntium
1107 1779 1148 1813 de
1176 1779 1326 1813 adventu
1362 1777 1594 1817 Dua-Naum,

63 1838 180 1884 copias
212 1837 489 1872 Christianorum
524 1837 698 1876 ducentis,
732 1838 864 1884 accepit
892 1843 924 1872 et
957 1839 1130 1885 principes
1163 1837 1409 1872 Mei-inidarum
1448 1836 1594 1875 accitos,

62 1895 104 1931 de
140 1896 241 1931 modo
280 1896 390 1930 hostis
431 1895 579 1930 infidelis
618 1894 813 1930 debellandi
861 1896 1048 1939 consuluit,
1097 1910 1202 1945 quum
1231 1895 1416 1942 derepente
1444 1894 1595 1942 equites⁷

62 1954 340 1989 Christianorum
370 1955 540 1989 innumeri
567 1955 848 2003 appropinquare
882 1956 947 1989 visi
976 1961 1064 1989 sunt.
1117 1955 1256 1989 Pedites
1290 1967 1351 2001 per
1386 1953 1526 1988 ordines
1553 1953 1594 1987 iis

62 2019 333 2061 praecesserunt,
361 2018 394 2047 et
424 2014 459 2047 in
487 2013 598 2047 medio
625 2013 760 2058 agmine
785 2014 989 2048 Dun-Nuna
1017 2015 1096 2057 ivit,
1121 2015 1176 2049 eui
1200 2013 1384 2055 Alfonsus,
1410 2012 1489 2046 duci
1512 2011 1593 2045 belli

63 2073 171 2120 copiis
195 2073 266 2106 suis
290 2071 474 2119 piwfecto,
501 2085 618 2106 omnes
647 2072 780 2120 imperii
807 2085 862 2105 res
888 2072 1057 2117 gerendas
1084 2072 1282 2107 tradiderat.
1322 2072 1363 2106 In
1390 2084 1466 2106 eum
1492 2071 1594 2113 enim,

62 2130 214 2166 nondum
240 2130 430 2171 devictum,
457 2143 623 2164 summam
657 2143 753 2177 spem
786 2137 977 2178 posuerunt
1011 2131 1210 2166 Christiani.
1261 2129 1409 2164 Finibus
1442 2129 1594 2164 fidelium

63 2191 187 2237 pestiS‚
214 2202 301 2237 quas
329 2189 490 2223 continue
518 2201 722 2235 aggressus,
747 2189 928 2222 maximam
955 2194 1088 2236 partem
1116 2195 1188 2224 erat
1216 2188 1463 2236 depopulatus,
1490 2201 1595 2222 nnm-

172 2289 192 2332 ¹)
219 2290 338 2338 :dri-:5
365 2303 391 2321 a.
419 2289 450 2322 d.
479 2303 505 2322 e.
535 2289 653 2340 :bh-⁴:⁴³
681 2291 711 2321 b.
819 2288 841 2331 2)
867 2291 983 2323 »μα-1.)
1012 2292 1042 2323 b.
1067 2304 1094 2324 e.
1127 2291 1232 2323 forsan
1257 2297 1351 2324 recte.
1405 2289 1524 2323 Bolea
1551 2290 1594 2321 M.

66 2341 174 2374 Belit
201 2342 239 2373 D.
345 2338 368 2381 3)
397 2343 482 2380 „w
511 2341 542 2374 h.
647 2340 670 2382 ⁴)
696 2338 766 2371 μω
795 2360 829 2367 -
851 2360 886 2367 --
914 2345 948 2387 „ss
968 2361 1006 2367 -
1026 2343 1057 2374 1).
1164 2342 1188 2383 5)
1218 2340 1333 2372 ’.σφε-’ς
1440 2339 1466 2384 ⁶)
1492 2341 1594 2373 Nun-

66 2395 158 2425 nius
188 2393 225 2425 D.
332 2390 358 2436 7)
383 2391 473 2441 331..)
500 2404 527 2423 a.
