2215 2979
709 206 981 237 —127—

76 304 148 336 477
181 300 315 347 [eoepit
329 299 384 336 die
408 305 431 335 9
451 302 535 350 Maj.
565 306 682 347 1084)
709 303 870 338 Toletum
900 304 1001 352 cepit.
1054 304 1138 346 Qua*
1169 318 1274 351 quum
1303 303 1617 341 animadverterent

76 360 181 394 Emiri
211 360 387 408 Hispaniae
415 367 448 395 et
475 363 665 409 principes,
695 364 847 397 unanimi
876 376 1047 397 consensu
1075 370 1303 407 censuerunt,
1334 366 1498 400 Jusul'um
1516 368 1616 401 auxi-

75 419 124 453 lio
147 419 334 462 advocare,
363 426 396 454 et
424 421 547 457 litteris
574 423 616 457 ad
645 437 720 458 cum
748 423 836 457 datis
861 425 1013 458 universi
1041 424 1215 471 supplices
1243 439 1342 473 opem
1371 426 1620 474 implorarunt,

74 484 112 512 ut
137 478 270 512 hostem
302 492 320 512 a
352 484 441 514 terra
480 482 618 515 omnino
659 481 879 528 subjuganda
907 488 1050 517 arceret.
1117 483 1274 516 Mutuum
1310 484 1410 517 simul
1451 484 1618 518 auxilium

75 536 243 571 adversus
280 536 398 572 hostes
433 539 575 585 polliciti
607 546 696 573 sunt.
756 541 945 587 Postquam
986 541 1108 574 littera·
1136 554 1211 576 una·
1247 549 1323 589 post
1353 543 1478 577 alteras
1508 545 1617 590 [95],

75 609 175 644 opem
216 595 292 642 ejus
330 602 363 630 ct
404 599 568 633 auxilium
607 599 772 633 adversus
809 599 926 633 hostes
957 600 1194 646 implorantes,
1227 602 1354 636 Jnsuto
1385 603 1617 643 advenerant,

73 653 306 687 el-Muezzum
336 653 441 688 lilium
471 669 546 689 eum
576 655 688 689 valido
715 657 868 690 exercitu
888 656 1029 691 Sebtam
1056 658 1166 701 misit,
1195 673 1296 706 quam
1314 659 1369 693 bic
1387 674 1501 695 mense
1517 660 1618 695 Rebi'

72 712 276 758 posterioris
303 725 393 747 anno
421 717 491 748 477
528 721 606 761 post
648 713 864 747 obsidionem
892 713 1041 760 aliquam
1072 716 1171 761 cepit.
1224 716 1375 750 Nuntius
1402 717 1444 751 dc
1471 719 1615 752 victoria

73 781 168 812 cum,
197 770 231 802 in
262 769 348 804 urbe
376 771 442 805 Fes
471 771 560 806 bello
587 770 741 818 parando
769 783 809 804 ae
837 769 997 804 tribubus
1025 771 1241 805 Mauritania!
1270 772 1335 805 sibi
1358 773 1504 808 auxili0¹
1533 787 1615 809 eon-

73 826 240 860 vocandis
268 834 492 875 oecupatum,
523 830 662 863 invenit.
715 830 830 869 Quare
855 827 952 861 laetus
981 827 1139 867 Sebtam,
1166 834 1203 862 ut
1232 829 1312 863 iude
1340 830 1383 864 ad
1411 832 1614 877 Hispaniam

72 882 268 928 trajiceret,
300 888 508 933 properavit.
575 884 814 919 El-Mutamed
854 884 1070 918 beu-Abbad
1110 893 1239 924 autem,
1283 900 1388 934 quum
1426 889 1614 923 Alt'onsum

72 941 233 976 Toletum
262 945 409 993 ejusque.
427 947 586 980 viciniam
615 957 832 992 expugnasse
857 943 1142 991 obsidionemque
1172 947 1338 981 Caesarem
1364 955 1517 992 angusta·
1541 948 1615 994 jam

72 1000 171 1035 valde
198 1016 323 1048 urgere
348 1005 518 1047 audisset,
546 1011 578 1040 et
606 1004 706 1038 simul
736 1004 948 1050 accepisset,
977 1003 1118 1037 Sebtam
1145 1018 1162 1038 a
1191 1006 1318 1039 Jusut'o
1354 1019 1431 1040 esse
1459 1013 1614 1054 captam3

72 1063 212 1096 marein
230 1064 473 1099 Mauritaniam
492 1063 659 1111 trajecit&
686 1063 778 1096 bunc
807 1075 923 1096 secum
938 1063 1118 1097 ducturus.
1171 1065 1202 1097 Α
1217 1063 1343 1098 linibus
1359 1065 1505 1112 Tandjze
1520 1065 1613 1100 haud

72 1120 193 1165 procul
219 1120 416 1165 absentem,
451 1123 544 1162 loco,
575 1123 704 1157 Belita‘
738 1130 881 1163 vocato,
922 1126 985 1157 tria
1020 1124 1085 1157 diei
1122 1125 1242 1158 itinera
1270 1137 1289 1158 a
1316 1124 1420 1159 Sebta
1448 1125 1614 1159 distante,

69 1179 234 1215 ,lususum
275 1185 453 1225 convenit,
494 1185 548 1218 cui
587 1190 713 1217 statum
752 1184 928 1230 Hispaniae
962 1182 1159 1229 exponebat
1200 1190 1423 1230 praesentem,
1462 1191 1613 1231 quantus

70 1249 162 1277 esset
188 1244 378 1278 incolarum
406 1250 536 1287 metus,
575 1244 753 1285 debilitas,
795 1242 986 1281 discordia,
1020 1256 1166 1290 qquue
1193 1243 1311 1277 fideles
1336 1257 1398 1291 per
1426 1244 1610 1278 All'onsum

70 1300 217 1349 ejusque
234 1304 358 1338 milites
372 1311 487 1338 essent
504 1305 657 1351 perpessi
679 1302 788 1343 caede,
819 1302 1038 1349 captivitate*
1067 1308 1100 1335 et
1130 1302 1325 1344 obsidione,
1356 1303 1529 1350 quomodo
1554 1302 1611 1336 ille

69 1374 150 1396 mox
166 1363 360 1398 Caisaream
379 1370 560 1410 augustam
589 1375 761 1409 occupare
788 1363 965 1406 cogitaret.
1018 1361 1206 1395 ''Rexertas
1234 1368 1268 1395 tu
1288 1363 1459 1409 quidem’⁷,
1485 1363 1514 1396 ei
1542 1362 1610 1395 ‹lu—

69 1422 132 1455 suf
154 1424 351 1471 respondit,
376 1425 430 1458 ”in
458 1426 620 1471 patriam,
651 1437 775 1471 resque
805 1435 903 1456 eures
933 1428 1029 1459 tuasz
1057 1434 1136 1467 ego,
1161 1422 1189 1455 si
1218 1422 1290 1455 Deo
1316 1422 1502 1469 placuerit,
1530 1434 1608 1455 mox

69 1483 103 1512 te
125 1481 283 1527 sequar.”
334 1481 545 1515 lbn-Abbad
573 1482 679 1528 igitur
706 1481 739 1514 in
766 1480 966 1525 Hispaniam
992 1480 1149 1521 revertit3
1177 1479 1286 1513 Jusuf
1308 1485 1437 1518 autem,
1468 1478 1610 1512 Sebtam

69 1535 266 1581 ingressus,
292 1537 396 1572 rebus
424 1538 500 1584 ejus
531 1539 565 1572 in
593 1538 749 1573 ordinem
778 1538 942 1579 redactis,
974 1550 1078 1571 naves
1108 1538 1260 1577 ornavit,
1293 1538 1411 1584 copias
1437 1543 1469 1570 ct
1496 1536 1609 1581 legio-

70 1605 131 1626 nes
159 1596 274 1640 co'egit
301 1594 561 1642 legationesque
587 1597 727 1643 recepit.
779 1594 909 1628 Tribus
936 1595 1038 1627 varia·
1068 1600 1101 1628 ct
1126 1594 1284 1641 pravsidia
1310 1608 1328 1628 e
1355 1594 1512 1633 deserto,
1536 1600 1610 1628 ter-

70 1651 117 1685 ris
145 1652 446 1693 mcridionalibus,
482 1654 552 1688 Zab
581 1660 613 1688 et.
647 1655 855 1688 Mauritania
886 1652 1206 1698 congregabantur,
1236 1666 1311 1700 qua*
1339 1653 1373 1686 in
1405 1654 1609 1700 Hispaniam

70 1723 214 1747 numero
253 1713 383 1757 ingenti
424 1714 606 1748 traducere
643 1715 766 1760 coepit.
825 1714 991 1746 'l'ransitn
1030 1719 1187 1759 peraeto,
1214 1726 1322 1760 quum
1348 1714 1520 1747 exereitus
1544 1725 1609 1760 pro

69 1770 235 1816 religione
263 1775 488 1819 pugnantium
514 1775 547 1807 in
576 1773 690 1807 littore
718 1772 1098 1819 Djezirat-el—Kbadrae
1127 1774 1370 1813 constiterant,
1397 1774 1471 1818 ipse
1486 1784 1609 1816 magna

69 1829 195 1865 ducum
223 1832 495 1875 Murabitorum,
523 1833 687 1867 nobilium
719 1839 752 1867 et
778 1839 974 1866 sanctorum
1007 1840 1116 1866 turma
1146 1833 1330 1867 comitante
1357 1835 1470 1867 statim
1500 1831 1610 1878 traje-

70 1893 124 1926 cit.
179 1892 276 1926 Nave
304 1904 510 1931 conscensa,
550 1893 583 1924 in
618 1896 722 1937 ponte
760 1896 876 1932 stans,
914 1889 1074 1924 manibus
1109 1891 1256 1925 sublatis
1283 1892 1346 1927 has
1377 1893 1498 1928 effudit
1530 1902 1611 1939 pre·

69 1966 137 1988 ces.
189 1953 245 1985 ”Si
273 1951 361 1986 boue
390 1953 512 1992 Deus&
541 1952 669 1999 inquit,
696 1950 872 1992 ''nowen-is,
912 1950 978 1984 hoe
1019 1952 1084 1986 iter
1118 1951 1278 1987 fidelibus
1316 1955 1392 1989 fore
1428 1951 1610 1988 commodo

69 2017 102 2045 et
132 2011 251 2049 saluti,
281 2012 335 2044 l'ae
365 2018 400 2045 ut
426 2011 539 2045 facilis
568 2009 649 2044 milii
676 2009 721 2042 sit
748 2009 925 2043 transitus.
978 2009 1039 2042 Sin
1070 2011 1206 2054 minus,
1234 2024 1276 2044 ne
1305 2024 1380 2045 eum
1409 2009 1607 2049 absolvam,

69 2071 265 2105 omnimodo
290 2070 448 2105 efficias.”
515 2071 609 2103 Dens
637 2080 719 2101 vero
749 2067 836 2100 viam
880 2068 909 2101 ei
939 2068 1088 2102 reddidit
1128 2076 1197 2104 tam
1240 2070 1395 2109 facilem,
1424 2077 1461 2104 nt
1489 2069 1607 2104 eodem

68 2129 140 2169 die,
177 2130 233 2176 qui
263 2129 361 2162 -lox'is
390 2134 481 2166 erat,
524 2128 635 2162 medio
670 2141 785 2161 mense
814 2128 911 2162 Rebi*
943 2131 1069 2176 prioris
1098 2143 1187 2164 auno
1216 2133 1287 2164 479
1317 2131 1450 2178 (coepit
1478 2129 1532 2163 (lie
1562 2130 1607 2160 17

70 2189 181 2236 April.
207 2192 316 2232 1086)
347 2203 450 2237 quum
479 2189 530 2222 sol
555 2188 745 2230 occideret,
773 2202 875 2236 quatu
904 2190 1080 2225 celerrime
1108 2191 1283 2237 trajiceret
1312 2197 1345 2225 et
1373 2187 1606 2236 Djezirat-el-

67 2247 217 2282 Rbadra·
248 2248 435 2282 eseeudens
464 2261 582 2294 preces
611 2254 791 2294 perageret
823 2248 1040 2283 meridianas.
1092 2251 1158 2284 llic
1186 2249 1417 2284 el—Mutamed
1436 2262 1512 2283 cum
1528 2261 1606 2282 om-

70 2308 170 2343 nibus
198 2310 373 2355 Hispaniae
406 2308 551 2343 ducibus
579 2322 619 2342 ac
653 2307 869 2355 principibus
897 2310 925 2343 ei
953 2308 1090 2343 obviam
1118 2316 1200 2343 erat.
1255 2310 1426 2345 Alsonsus
1453 2309 1608 2346 interim,

177 2406 196 2450 ἰ)
220 2410 331 2453 2⁰⁴⁴>le
356 2424 382 2441 e.
490 2409 512 2441 ⁴³}
540 2420 635 2458 -.·*³):
666 2422 692 2441 C>
800 2407 822 2449 ⁸)
850 2409 942 2450 ³2²2&-
967 2422 994 2444 C·
1021 2410 1126 2451 Q
1151 2424 1177 2445 0·
1285 2410 1307 2453 ⁴)
1332 2411 1411 2454 ,MN-⁵52
1439 2413 1468 2448 b-
