2215 2979
1197 191 1474 221 -XIV-

572 301 663 333 saepe
688 293 718 320 in
746 293 829 322 notis
857 291 995 320 breviter
1019 288 1177 330 judicavi,
1200 291 1308 332 itaque
1332 294 1455 322 textum
1484 287 1609 320 editum
1637 299 1701 319 non
1741 301 1807 321 uno
1833 288 1905 322 loco
1945 295 2103 335 castigavi.

674 348 711 377 [tt
735 347 774 377 de
802 349 945 377 versione
967 348 1033 389 jam
1060 347 1185 391 aliquid
1213 346 1334 383 dicam,
1376 360 1445 380 eain
1481 360 1545 392 qua
1581 350 1673 393 potui
1707 347 1787 385 ficte,
1810 349 1914 381 verbis
1941 351 2105 393 scriptoris

570 403 826 442 accommodavi,
848 417 949 449 aeque
975 405 1192 450 prolixitatem
1221 407 1421 439 Reiskianam
1459 407 1568 452 fugere
1601 420 1636 440 ae
1663 409 1841 440 barbariem
1869 412 2022 440 sermonis
2058 411 2108 439 ni-

568 463 664 491 miam
692 464 808 492 evitare
835 461 975 493 studens.
1028 464 1099 495 Non
1125 463 1240 495 dubito
1266 465 1417 508 equidem
1445 465 1512 498 sore
1540 465 1725 510 plerosque,
1752 469 1808 510 qui
1837 478 1888 498 nie
1921 478 2013 498 voees
2038 478 2104 498 ara-

569 517 653 548 bicas
692 520 786 549 nimis
824 526 1036 562 prementem,
1076 521 1265 566 elegantiam
1309 522 1471 567 quandam
1510 523 1639 568 linguae
1680 536 1829 556 romanae
1867 524 2106 568 posthabuisse,

568 579 779 615 contendant;
807 592 912 623 neque
936 580 975 611 de
999 581 1056 611 hac
1084 592 1117 612 re
1145 580 1285 612 multum
1313 582 1481 626 ambigam.
1536 583 1573 614 ld
1601 582 1698 614 modo
1731 583 1865 620 addam,
1899 586 1930 614 in
1960 586 2104 615 versione

566 640 753 680 scriptorem
784 641 887 682 ipsum
912 638 1021 670 audiat
1048 639 1153 683 legens
1180 646 1343 683 oportere,
1370 653 1476 685 neque
1505 644 1532 673 ei
1562 641 1700 673 dandam
1729 654 1796 673 esse
1819 643 2042 687 paraphrasin,
2072 644 2104 672 in

568 708 630 739 qua
655 696 773 727 dubius
802 698 942 733 haereat,
969 710 1051 741 quae
1090 710 1161 729 vere
1188 698 1304 729 dixerit
1345 706 1465 731 auctor.
1518 701 1646 744 Repetit
1687 701 1802 732 Noster
1838 700 2030 737 identidem,
2069 706 2105 731 ut

567 767 634 786 mos
659 755 719 786 fert
747 756 998 791 Muslemormn‚
1027 757 1108 788 bene
1134 764 1189 788 aut
1214 757 1296 789 male
1322 757 1450 789 dicendi
1477 758 1646 794 formulam
1676 771 1726 790 eas
1744 761 1883 796 resccui‚
1911 762 1970 790 nisi
1997 762 2102 791 sensui

566 822 669 845 essent
696 819 898 846 necessariae.
951 817 1113 847 Praeterea
1147 816 1308 847 interdum
1337 821 1439 848 versio
1467 820 1562 849 nimis
1590 818 1716 849 insolita
1752 824 1783 849 et
1812 820 1891 848 mira
1920 817 2025 848 forsan
2059 821 2106 848 τί·

567 872 688 905 deatur.
743 874 918 905 Abumlant
947 874 1008 905 lovi
1043 875 1243 906 obscuriores
1278 878 1472 913 carminum,
1502 889 1584 921 quae
1620 890 1721 921 quum
1757 876 1848 907 nullo
1876 879 2104 908 commentario

566 931 784 975 explicentur,
814 933 980 964 intellectu
1008 933 1200 964 difficillima
1227 941 1317 969 sunt:
1346 936 1511 966 abundant
1539 948 1647 971 voces,
1676 935 1806 966 sortasse
1834 936 2015 966 herbericae
2042 937 2105 966 ori-

566 993 656 1034 ginis7
685 999 739 1022 aut
766 994 796 1022 in
814 992 1003 1023 Mauritania
1019 992 1085 1023 sola
1108 996 1259 1030 usitatae,
1289 1007 1371 1038 quae
1391 998 1574 1026 etiamnunc
1591 998 1715 1039 ingenia
1739 994 1908 1025 doctorum
1937 993 2104 1025 lacessunt.

565 1050 663 1093 Spero
689 1057 810 1086 tamen,
837 1058 873 1081 ut
902 1063 973 1081 mox
1014 1052 1245 1089 lbn-Abi-Zer',
1286 1060 1457 1097 postquam
1496 1054 1618 1098 publici
1651 1055 1730 1095 juris
1756 1052 1858 1084 sactus
1900 1058 1963 1088 est,
1990 1052 2104 1083 melius

565 1108 779 1152 intelligatur,
807 1122 903 1153 quani
930 1123 946 1140 a
975 1122 1039 1147 me,
1069 1112 1100 1141 in
1128 1111 1186 1141 hac
1211 1111 1320 1142 dissita
1348 1115 1475 1157 regione
1502 1112 1676 1149 collocato,
1703 1111 1823 1142 sactum
1851 1116 1908 1142 est.

667 1170 808 1200 Primum
836 1169 913 1200 milii
941 1173 1143 1213 propositum
1165 1170 1243 1207 suit,
1270 1179 1427 1215 perpetuo
1455 1174 1684 1203 commentario
1714 1172 1770 1202 lios
1791 1170 1950 1202 illustrare
1978 1168 2106 1200 annales

565 1240 601 1259 eo
630 1228 745 1266 modo,
775 1235 810 1260 ut
837 1228 924 1264 aliis,
954 1232 1010 1272 qui
1038 1229 1163 1260 easdem
1199 1237 1384 1262 tractassent
1411 1243 1474 1266 res,
1505 1233 1716 1275 scriptoribus
1750 1231 1920 1267 adhibitis,
1951 1233 2104 1262 narratio-

564 1299 637 1318 nem
662 1289 787 1323 Nostri,
815 1289 869 1319 ubi
898 1294 978 1318 esset
991 1287 1120 1324 exilior,
1149 1288 1327 1332 explerem,
1356 1295 1410 1319 aut
1425 1300 1544 1320 errores
1563 1297 1689 1333 apertos
1709 1294 1912 1334 corrigerem.
1963 1292 1999 1322 ln
2017 1291 2103 1321 hunc.

564 1347 658 1378 finem
693 1351 795 1379 varios
827 1347 952 1379 codices
992 1347 1209 1379 bibliothecae
1247 1350 1349 1391 regiae
1384 1350 1541 1392 parisinae
1579 1361 1746 1393 excerpere
1774 1355 1883 1394 coepi,
1924 1362 2041 1394 quum,
2071 1352 2103 1379 in

564 1405 671 1436 medio
696 1405 805 1437 labore
832 1407 1007 1448 abruptus,
1037 1408 1068 1436 in
1096 1408 1229 1449 patriani
1257 1406 1361 1437 redire
1387 1414 1515 1438 coactus
1549 1419 1630 1438 snm.
1683 1407 1823 1438 Consilio
1857 1410 1953 1451 igitur
1981 1414 2101 1438 mutatu

565 1466 780 1495 annotationis
807 1464 925 1495 limites
948 1467 1090 1495 contraxi
1110 1477 1210 1508 caque
1237 1471 1360 1496 tautum
1389 1465 1568 1497 dilucidare
1592 1470 1762 1502 constitui,
1792 1479 1875 1510 quae
1900 1466 2051 1497 lectorem
2071 1469 2101 1496 in

565 1523 613 1554 his
638 1524 777 1554 historiis
805 1526 910 1554 minus
938 1529 1114 1559 versatum,
1142 1522 1384 1566 quodaminodo
1420 1525 1624 1568 impedirent.
1676 1527 1782 1563 Quum
1814 1529 1843 1556 in
1872 1526 1965 1556 relius
1998 1525 2105 1555 Mura—

566 1581 705 1611 bitorum
736 1580 1125 1624 Muvahhhiditorumque
1149 1579 1291 1611 subsidia
1320 1593 1387 1612 inea
1416 1588 1519 1612 essent
1549 1581 1701 1625 largiora,
1733 1583 1912 1626 legentibus
1940 1592 2005 1612 non
2023 1581 2104 1622 inju-

567 1637 710 1668 cundum
738 1638 806 1669 fore
837 1640 1017 1673 autumavi,
1044 1637 1343 1668 Atat-el-Yahitluin
1378 1638 1636 1674 Mari-occanum,
1669 1637 2005 1669 Abu-Abtl-Allahmu
2042 1638 2105 1667 'l'u-

567 1708 719 1728 nesanum
752 1704 782 1729 et
820 1697 1093 1729 lbn—el-AthIrum
1129 1698 1340 1739 Djezirenscin
1382 1698 1510 1733 audire,
1538 1702 1593 1742 qui
1619 1698 1659 1728 ab
1689 1697 1910 1729 Ilm-,xbi-Zer’
1936 1708 2000 1727 non
2035 1708 2103 1726 raro

569 1754 759 1800 discrepant.
813 1757 847 1787 ln
877 1759 1052 1801 posteriore
1077 1760 1181 1800 operis
1208 1764 1311 1802 parte,
1340 1760 1395 1790 ubi
1422 1771 1470 1791 res
1495 1772 1569 1791 suae
1594 1761 1687 1791 aetati
1716 1761 1880 1802 propiores
1898 1760 2010 1787 tractat
2040 1754 2104 1784 No-

566 1821 645 1850 ster,
675 1818 814 1847 narratio
840 1819 1001 1860 copiosior
1017 1817 1246 1846 commentario
1272 1817 1378 1847 minus
1394 1824 1463 1861 eget
1480 1824 1510 1848 et
1540 1817 1688 1862 plurima,
1703 1828 1786 1860 quae
1813 1815 1852 1846 ad
1881 1815 1939 1844 hoe
1961 1818 2103 1857 spectant

567 1889 697 1912 aevum,
728 1879 759 1907 in
788 1874 1004 1921 Griv‘tmgosic
1028 1874 1132 1909 libro,
1162 1874 1240 1904 'she
1271 1874 1578 1906 Moliammedan
1607 1875 1824 1916 dynasties
1847 1878 1884 1905 in
1910 1876 2030 1918 Spain
2058 1876 2103 1903 in-

567 1939 703 1980 scripto,
731 1938 854 1980 optime
894 1935 1052 1979 explicata
1095 1934 1196 1965 lector
1223 1935 1371 1965 inveniet.
1427 1935 1466 1966 Et
1491 1948 1565 1968 sane
1602 1936 1799 1974 dole0,1100
1839 1947 1919 1979 opus
1952 1935 2103 1964 eximium

568 2008 631 2027 non
660 1998 748 2040 prius
764 1996 839 2026 mihi
869 1997 1061 2029 innotuisse,
1089 2006 1186 2038 quain
1201 1992 1289 2024 finita
1312 2000 1392 2025 esset
1407 1997 1510 2026 versio
1533 1995 1643 2028 latina.
1695 1998 1784 2034 Quae
1809 1996 1856 2026 his
1878 1994 2006 2025 demum
2023 2000 2101 2024 tem-

568 2054 701 2098 poribus
742 2055 864 2085 Parisiis
903 2053 1045 2084 eduntur
1081 2056 1304 2087 monumenta,
1349 2051 1512 2083 historiam
1556 2053 1684 2086 Africae
1724 2065 1759 2084 ac
1782 2053 2003 2085 Mauritaniae,
2038 2058 2101 2081 tam

569 2113 788 2144 musleinicain
824 2125 921 2157 quam
962 2113 1178 2147 herbericam,
1209 2109 1422 2148 illustratura,
1459 2111 1537 2142 milii
1565 2124 1748 2157 comparare
1785 2111 1899 2142 frustra
1939 2113 2098 2153 quaesivi,

568 2185 673 2218 neque
700 2173 779 2204 alios
804 2173 1001 2218 geographos
1025 2170 1193 2203 consulere
1218 2169 1295 2199 mibi
1326 2168 1436 2205 licuit,
1463 2182 1562 2213 quam
1596 2171 1670 2204 illos
1705 2171 1916 2204 el-Bekrium‚
1952 2168 2101 2200 ldrisiunz

570 2240 601 2265 et
627 2231 869 2267 Abu-l-scdam,
897 2232 937 2263 ad
967 2243 1064 2276 quos,
1099 2240 1201 2274 quum
1234 2229 1392 2258 notissimi
1433 2230 1514 2264 sint,
1556 2229 1695 2276 legentes
1725 2231 1846 2273 ubique
1879 2227 2029 2273 relegam,
2064 2242 2104 2261 ne

571 2305 680 2326 eorum
709 2292 802 2324 dictis
830 2295 990 2337 repetitis,
1019 2290 1094 2322 libri
1122 2288 1224 2322 moles
1246 2289 1342 2318 nimis
1370 2294 1534 2320 cresceret.

1216 2367 1456 2384 ψ-
