2215 2979
708 202 984 234 —275—

74 296 183 340 igitur
207 296 288 337 erit,
315 295 475 331 fidelibus
499 310 599 345 opem
630 298 722 334 serre
751 305 784 334 et
812 299 943 334 viribus
974 299 1111 334 attritos
1135 298 1312 346 adjuvare.
1369 300 1458 335 Nam
1485 306 1519 336 te
1546 314 1606 337 ex-

74 360 195 401 cepto,
222 367 321 390 nemo
351 355 545 390 lslamismo
571 369 776 392 succurrere
800 358 956 405 poterit.⁷’
1007 357 1312 392 Abu-Ahd-Allah
1339 356 1605 394 ben-el-Ahmar

73 415 236 462 princeps
263 414 489 448 moribundus
516 414 587 449 filio
613 414 829 462 injunxerat,
858 422 896 450 ut
922 415 1169 451 Muslemorum
1196 417 1454 463 imperatorem,
1493 418 1606 452 omni-

72 473 158 515 bus,
174 487 411 523 quascumque
433 474 551 513 vellet,
578 473 724 508 urbibus
739 475 769 508 ei
790 473 938 517 traditis,
953 474 996 509 ad
1011 474 1139 509 bellum
1154 482 1325 511 evocaret.
1351 476 1535 511 Vocationi
1549 477 1606 513 hie

73 532 175 566 etiam
201 529 376 566 annuens¹
405 536 439 564 et
467 530 510 564 ad
533 530 811 577 respondendum
836 537 870 566 et
894 544 995 579 opem
1022 532 1199 567 ferendam
1225 546 1433 581 properans,
1452 547 1495 569 ex
1518 534 1606 571 urbe

71 588 206 624 Fesana
231 588 274 623 ad
298 588 426 623 bellum
451 601 588 622 sacrum
611 588 790 635 profectus
818 594 881 624 est.

146 648 205 683 De
230 645 457 696 Abu-Jusufi
490 648 742 682 Muslemorum
777 649 998 696 imperatoris
1032 650 1068 684 in
1094 650 1304 697 Hispaniam
1331 650 1416 686 belli
1439 652 1533 686 sacri

194 705 343 754 qcrendi
366 717 489 739 caussa
514 705 682 752 trajectu,
710 705 821 752 deque
850 705 926 751 ejus
948 706 1065 752 prima
1089 707 1260 742 adversus
1284 709 1478 757 infidelium

656 763 745 812 fines
776 765 1007 811 expeditione.

166 821 305 854 Auctor
330 823 454 868 pergit.
505 821 698 870 Postquam
724 822 1007 857 lbn-el-Ahmari
1033 823 1138 869 legati
1164 823 1251 858 alter
1275 824 1425 860 alterum
1452 838 1602 874 excepe-

67 884 150 914 runt
175 885 210 914 et
232 879 372 919 litterae,
397 879 441 913 ad
466 879 648 926 trajectum
676 886 710 914 et
737 894 838 928 opem
871 881 1048 916 ferendam
1082 882 1286 925 invitantes,
1322 884 1396 918 sine
1426 885 1602 920 intermis—

67 938 164 972 sione
193 937 236 972 ad
266 936 534 973 Abu-Jusutum
564 946 749 979 venerunt,
783 940 838 974 (lie
877 941 987 987 primo
1023 940 1223 982 Schevvali‚
1257 955 1347 977 anno
1382 947 1472 987 (375,
1513 945 1601 980 Fesa

66 996 240 1044 Tandjam
263 996 320 1032 hic
347 997 548 1045 profectus,
575 997 853 1040 Abu-l-Qasimo
882 998 1034 1034 cl-Azsso
1068 999 1188 1047 taqiho
1221 1000 1420 1048 imperavit,
1447 1009 1484 1037 ut
1511 1004 1601 1039 clas-

65 1068 137 1091 sem
164 1055 256 1091 bello
284 1056 453 1090 adversus
481 1069 636 1103 paganos
663 1063 822 1100 ornaret,
851 1064 884 1092 et
908 1070 1015 1092 naves
1053 1065 1158 1105 atque
1195 1065 1400 1107 apparatum
1441 1069 1599 1108 pararet,

64 1115 194 1164 quibus
218 1114 262 1150 ad
293 1115 419 1150 milites
451 1114 679 1162 trajiciendos
708 1128 795 1162 opus
822 1122 924 1151 esset.
977 1117 1087 1150 Simul
1115 1130 1185 1151 rem
1212 1117 1402 1153 liberaliter
1432 1119 1600 1168 adjuvare

62 1175 245 1223 Deumque
276 1175 397 1209 timere
429 1186 505 1208 eum
536 1172 652 1221 jussit.
705 1173 838 1208 Deinde
871 1174 1136 1222 Abu-Zijiinum
1175 1177 1318 1210 emirum
1353 1177 1460 1213 filium
1494 1193 1599 1214 exer-

63 1234 148 1268 citui
186 1236 296 1273 {2000
329 1233 484 1281 equitum
511 1245 530 1267 e
555 1231 803 1267 Mea-inidarum
839 1233 1061 1268 nobilissimis
1096 1240 1130 1269 et
1163 1234 1341 1269 Arabibus
1377 1238 1598 1283 praefectum,

62 1291 190 1327 vexillo
216 1305 280 1327 suo
305 1290 399 1326 felici
422 1290 568 1331 tradito,
596 1291 638 1326 de
663 1292 784 1327 timore
811 1293 875 1327 Dei
900 1299 968 1327 tam
990 1292 1076 1326 clam
1098 1306 1201 1341 quam
1218 1292 1357 1340 publice
1372 1297 1597 1333 monstrando

61 1352 212 1390 monuit,
237 1356 272 1386 et
298 1350 411 1385 omnia
434 1349 548 1385 fausta
577 1350 607 1385 ei
635 1357 843 1398 appi-ecatus
871 1357 932 1386 est.
984 1352 1051 1394 Qui
1079 1365 1185 1399 quum
1207 1351 1251 1386 ad
1280 1353 1597 1402 Qasr-el-Djevaz2

61 1411 230 1453 venisset,
265 1408 369 1449 vidit,
402 1408 720 1452 Abu-l—Qasimum
754 1410 877 1455 viginti
912 1423 1034 1452 naveS,
1069 1410 1195 1458 quibus
1229 1412 1401 1447 exercitus
1433 1413 1596 1449 traduce-

59 1475 174 1513 retur,
202 1474 341 1516 paratas
368 1480 531 1507 ornasse,
560 1473 593 1502 et
621 1467 678 1503 die
711 1472 789 1503 lsszo
823 1468 1081 1511 Dhu-l-Qadae,
1117 1482 1207 1504 anno
1234 1483 1345 1518 nuper
1370 1470 1482 1513 dicto,
1517 1485 1594 1508 curn

57 1534 131 1563 tota
157 1541 220 1562 sua
247 1540 351 1562 manu
377 1540 473 1562 mare
498 1528 783 1574 transnavigans,
810 1527 939 1562 Tan-isat
962 1527 996 1560 in
1023 1527 1189 1574 Hispania
1215 1528 1378 1564 escendit.
1428 1530 1477 1564 Ut
1501 1532 1594 1566 mili—

58 1585 153 1621 tibus
187 1592 222 1621 et
254 1587 353 1634 equis
391 1584 497 1620 mari³
529 1587 667 1632 agitatis
701 1587 852 1635 quietem
891 1585 1095 1621 concederet
1129 1586 1296 1635 aliquam,
1332 1588 1390 1624 hic
1423 1596 1493 1625 tres
1520 1591 1592 1626 dies

57 1642 223 1677 substitit.
275 1643 366 1677 Tum
400 1642 586 1677 Babil-am‘*
618 1642 828 1689 procedens,
864 1655 938 1676 eam
974 1641 1147 1690 praedatus
1182 1649 1252 1685 est,
1286 1650 1319 1679 et
1352 1646 1507 1692 rapinam
1541 1646 1592 1681 el-

55 1702 230 1750 Djeziram
258 1702 362 1739 misit.
412 1702 559 1736 Terram
592 1700 742 1735 hostium
765 1701 839 1748 jam
873 1713 1082 1749 peragranS,
1117 1700 1297 1745 caedendo,
1331 1703 1498 1739 ducendis
1531 1719 1592 1741 ca·-

54 1761 175 1809 ptivis,
205 1760 304 1807 pagis
331 1772 372 1794 ac
397 1759 549 1794 castellis
576 1758 772 1801 diruendis,
807 1758 983 1805 segetibus
1010 1758 1170 1801 urendis,
1203 1760 1426 1796 concidendis
1452 1762 1590 1798 arbori-

53 1817 120 1853 bus
154 1823 188 1853 et
220 1816 394 1852 fructibus
426 1816 612 1866 perdendis
641 1817 885 1852 Scherischum
911 1818 1080 1865 perrexit,
1107 1831 1220 1865 neque
1249 1818 1340 1853 ullus
1370 1819 1590 1857 Christianus

53 1877 85 1912 ei
111 1877 274 1911 resistere
299 1889 404 1910 ausus
432 1882 492 1911 est.
529 1877 644 1919 Quum
671 1875 794 1911 deinde
818 1875 968 1923 praedam
995 1882 1027 1910 et
1053 1877 1210 1923 captivos
1227 1875 1410 1919 barbaros,
1439 1881 1589 1916 eatenis⁵

51 1935 187 1970 vinctos
212 1934 442 1982 el-Djeziram
472 1940 607 1981 ageret,
644 1934 791 1982 Hispani
818 1934 918 1970 valde
944 1935 1054 1981 gavisi
1088 1942 1177 1970 sunt.
1229 1936 1318 1972 Nam
1346 1945 1427 1986 post
1456 1938 1587 1975 cladem

51 1993 241 2043 el-Aqahi,
272 2007 362 2029 anno
392 1998 468 2029 609
500 1999 698 2041 acceptam,
734 1992 777 2027 ad
812 1992 904 2027 hunc
935 2006 1047 2042 usquc
1075 1993 1182 2037 diem,
1210 1995 1305 2030 nulla
1337 1996 1586 2033 Muslemorum

50 2053 149 2100 signa
176 2053 211 2087 in
237 2052 304 2087 hac
335 2058 427 2088 terra
461 2053 640 2087 victoriam
666 2064 829 2099 umquam
859 2057 1130 2099 reportaverant.
1183 2052 1286 2088 Nunc
1317 2067 1400 2090 vero
1434 2055 1586 2090 Christi-

48 2111 125 2154 ani,
156 2110 284 2159 quibus
308 2117 409 2146 antea
436 2110 554 2146 fideles
578 2123 692 2159 neque
724 2111 905 2153 resistere,
943 2124 1056 2160 neque
1088 2111 1226 2148 obviam
1259 2114 1309 2149 ire
1335 2120 1369 2149 et
1399 2127 1585 2150 occurrere

49 2170 124 2205 ausi
151 2176 268 2213 erant,
295 2176 329 2205 et
353 2171 415 2218 qui
441 2175 533 2205 terra
560 2171 679 2218 potiti,
708 2170 848 2205 castella
872 2170 947 2217 ejus
974 2178 1008 2207 et
1034 2185 1131 2208 arces
1158 2180 1461 2221 expugnaverant,
1490 2181 1582 2210 metu

47 2226 199 2273 perculsi
224 2232 314 2262 sunt.
370 2227 484 2273 [211]
528 2227 624 2263 Deus
652 2227 758 2270 enim,
791 2227 918 2263 vexillo
943 2227 1158 2265 Abu-Jusufi
1184 2231 1403 2280 imperatoris
1428 2231 1581 2268 fidelium

155 2326 176 2369 ¹)
201 2325 246 2370 35
277 2340 303 2360 0·
410 2326 434 2370 2)
457 2322 542 2378 ῥῗ-,ὲὶ
569 2330 602 2362 b.
638 2342 666 2362 c.
700 2341 833 2375 semper.
941 2327 963 2371 ³)
987 2329 1085 2376 5th
1108 2332 1195 2380 353?
1224 2334 1258 2370 h'
1365 2332 1389 2376 a)
1420 2328 1526 2383 εγὼ-ἓ
1552 2347 1579 2368 ς..

47 2378 250 2412 Albahara
273 2380 410 2423 (Bejer)
435 2379 478 2412 M-
584 2379 611 2427 ⁵)
641 2379 765 2429 &uass
789 2394 817 2414 a.
844 2381 875 2413 b.
901 2381 994 2414 bene.
1019 2379 1113 2430 ,aasz
1138 2394 1166 2416 c.

1397 2436 1446 2469 55
