2215 2979
734 215 985 248 —47—

92 325 187 354 terea
218 317 427 366 praefectis,
455 316 571 351 emiris
605 313 817 362 regibusque
847 313 1011 361 templum
1039 310 1124 346 illud
1154 311 1288 347 illustre
1320 311 1482 347 continue
1509 309 1634 358 ampli-

93 377 270 412 ficandum
298 388 402 411 curae
435 374 600 422 cordique
631 372 738 417 fuit¹‚
770 378 804 407 et
833 372 926 420 quod
955 371 1191 414 dilabebatur,
1224 372 1257 407 id
1291 372 1498 413 refecerunt,
1527 369 1635 404 bene-

93 435 278 470 dictionem
307 433 533 480 praemiaque
558 430 674 465 divina
701 428 781 464 inde
807 428 875 463 sibi
900 428 1128 464 redundantia
1157 427 1404 464 desiderantes.
1449 430 1498 462 At
1520 426 1634 461 omni-

94 492 159 527 bus
178 492 282 527 terris
306 490 538 526 Mauritaniae
565 502 584 523 a
610 487 790 522 Merinidis
817 488 996 535 occupatis
1023 493 1056 522 et
1075 487 1155 522 Alio
1180 487 1385 523 ben—Jusut'
1404 483 1634 521 ben-Tasch-

94 548 146 582 fin
174 548 399 583 Lemtunensi
418 549 625 595 imperatore
648 545 804 580 fidelium
828 557 972 591 regnum
990 549 1213 591 capessente,
1241 543 1339 577 urbis
1360 543 1534 590 pomoeria
1551 540 1637 575 adeo

94 614 252 656 promota
280 612 361 641 sunt
390 613 424 641 et
454 606 567 641 bonus
594 619 708 641 rerum
739 604 875 639 status²
903 611 1033 639 tantam
1062 610 1269 639 consecutus
1297 609 1349 637 est
1376 602 1571 647 fastigium,
1599 606 1638 634 ut

95 667 150 702 die
178 666 325 700 Veneris
352 666 526 707 homines,
560 676 666 712 quum
698 661 863 708 templum
891 675 1008 697 eorum
1038 674 1107 696 non
1137 668 1275 710 caperet
1301 661 1571 700 multitudinem,
1602 660 1637 694 in

95 724 199 767 foris,
226 726 329 764 vicis,
352 724 502 772 plateis³
529 736 650 772 preces
682 727 889 768 peragerent
922 734 1014 755 suas.
1040 721 1167 769 Faqihi
1196 723 1302 769 igitur
1337 728 1371 757 et
1394 722 1577 770 principes
1593 719 1637 753 ad

95 783 410 819 Abu-Abd-Altah
437 780 715 817 Muhammedem
743 779 946 815 ben-nand
979 779 1152 827 t'aqihum‚
1187 782 1245 829 qni
1273 782 1328 815 vir
1351 786 1426 816 erat
1461 782 1551 814 inter
1577 777 1638 825 ju-

94 843 189 878 dices
223 843 268 878 ob
301 844 494 883 seientiam,
528 842 691 890 pietatem
718 839 1032 887 abstinentiamque
1060 839 1305 874 celeberrimus
1332 845 1366 875 et
1391 838 1458 873 hoc
1483 844 1639 885 tempore

93 900 201 948 judex
230 900 326 935 urbis
353 913 524 939 summus,
553 897 756 943 congregati
802 896 844 931 de
870 896 936 930 bac
962 909 998 930 rc
1040 897 1299 932 consuluerunt.
1351 896 1463 940 Qadhi
1490 908 1562 930 rem
1590 894 1637 928 ita

95 958 163 994 sibi
194 959 337 994 relatam
364 959 406 994 de
438 958 566 1005 templo
599 958 699 991 nimis
735 962 883 1001 angusto
916 957 1117 1003 imperatori
1150 956 1308 992 fidelium
1343 955 1505 1004 exposuit
1539 953 1638 987 veni-

97 1032 221 1066 amque
248 1019 340 1053 illius
356 1019 504 1066 amplius
531 1017 681 1053 faciendi
706 1018 814 1066 petiit.
867 1016 976 1063 Copia
1005 1015 1101 1054 data,
1127 1018 1315 1063 imperator
1341 1026 1492 1062 expensa
1516 1025 1534 1047 e
1559 1011 1640 1046 the-

96 1091 199 1113 sauro
227 1079 366 1126 publico
400 1079 516 1113 faeere
548 1076 668 1111 voluit.
721 1075 790 1110 Sed
823 1074 946 1123 qadhi,
978 1075 1080 1109 ”fieri
1116 1076 1268 1122 potest”,
1300 1075 1430 1122 inquit,
1462 1074 1537 1112 '’ut,
1564 1072 1638 1106 Deo

97 1138 253 1179 volente,
288 1153 344 1177 ea,
376 1152 484 1187 quae,
512 1150 530 1172 e
557 1136 676 1171 fundis
702 1134 823 1183 templi
859 1134 1055 1177 redeuntia,
1088 1135 1179 1182 apud
1213 1141 1458 1183 procuratores
1494 1131 1638 1167 collecta

98 1200 184 1239 sint,
215 1198 419 1234 sufficiant.⁷'
480 1198 570 1232 Tum
602 1195 661 1230 Ali
695 1193 896 1229 ben-Jusut'
921 1194 952 1227 ei
985 1194 1183 1242 imperavit,
1214 1201 1253 1230 ut
1286 1197 1408 1229 timore
1440 1193 1505 1227 Dei
1537 1192 1638 1226 unice

97 1257 240 1297 ductus,
266 1268 402 1290 omnem
429 1254 528 1289 daret
552 1265 713 1300 operam,
740 1264 785 1286 ne
809 1251 892 1299 quid
921 1251 1097 1298 religionis
1123 1255 1157 1287 in
1186 1254 1252 1289 hac
1277 1267 1315 1288 re
1341 1257 1561 1289 occurreret,
1588 1250 1637 1283 si-

97 1317 237 1366 mulque
263 1316 369 1364 jussit
393 1327 448 1350 res
474 1312 609 1360 templi,
637 1312 712 1347 sive*
735 1311 1014 1346 aedificationem
1042 1318 1075 1347 et
1102 1313 1426 1361 amplificationem,
1456 1313 1529 1346 sive
1556 1310 1637 1344 fun-

98 1375 161 1411 dos
189 1374 282 1423 ejus,
310 1374 493 1409 thesauros
521 1371 722 1419 reditusque
749 1377 964 1420 spectarent,
998 1385 1211 1419 summopere
1234 1370 1433 1419 inspicere*-
1485 1368 1637 1403 Salutem

98 1440 306 1483 apprecatus
333 1433 439 1481 qadhi
487 1433 641 1467 tribunal
675 1446 775 1468 sunm
804 1431 1004 1467 conscendit
1038 1437 1072 1465 et
1099 1431 1141 1465 de
1174 1430 1342 1465 reditibus
1372 1427 1489 1474 templi
1517 1427 1639 1471 cogni-

98 1496 225 1529 tionem
255 1494 394 1540 incepit.
446 1494 560 1535 Quum
591 1506 649 1527 eos
682 1493 792 1527 viris5
821 1493 1024 1527 commissos
1055 1490 1203 1527 videret,
1237 1491 1296 1538 qui
1330 1488 1510 1536 pecuniam
1539 1487 1639 1534 quasi

99 1552 166 1587 sibi
193 1553 370 1600 propriam
402 1551 606 1599 perderent,
642 1552 744 1592 alios,
779 1565 926 1599 quorum
959 1550 1050 1585 fides
1077 1562 1117 1584 ae
1144 1549 1264 1596 religio
1295 1555 1391 1583 erant
1425 1546 1640 1594 spectatae¹³,

99 1617 343 1658 procuratores
369 1611 516 1646 suffecit.
552 1611 701 1646 Ratione
728 1611 851 1646 deinde
870 1612 972 1652 inita,
1000 1610 1187 1644 annonam'
1206 1622 1368 1655 agrorum
1389 1607 1640 1654 hortorumque

100 1670 143 1704 ad
167 1671 245 1719 pios
271 1682 355 1704 usus
387 1669 654 1714 destinatorum,
689 1669 732 1704 ab
760 1669 846 1713 illis,
879 1683 967 1717 quos
994 1668 1036 1704 de
1066 1682 1207 1703 munere
1236 1665 1498 1702 administrandi
1526 1664 1639 1699 dimo-

99 1736 213 1771 verat,
247 1731 361 1776 exegit
390 1737 424 1765 et
450 1743 609 1775 magnam
642 1731 810 1778 pecuniae
834 1734 903 1763 vim
928 1729 993 1763 ita⁷
1020 1716 1226 1777 repensam>S
1259 1727 1364 1775 hujus
1392 1739 1532 1774 quoque
1559 1724 1641 1759 anni

99 1790 232 1825 addidit
254 1804 421 1825 annonae.
473 1790 558 1824 Plus
587 1791 763 1836 octoginta
797 1788 948 1824 millibus
974 1788 1192 1822 denariorum
1215 1786 1282 1820 hac
1307 1785 1441 1819 ratione
1469 1783 1641 1826 corrasis,

100 1849 265 1898 templum
289 1862 308 1884 a
330 1848 489 1897 partibus
513 1849 744 1888 meridionali,
771 1848 929 1883 orientali
957 1853 990 1882 et
1016 1846 1221 1881 occidentali
1238 1844 1382 1879 dilatare
1403 1843 1526 1890 coepit.
1558 1842 1640 1876 Pri-

100 1922 192 1943 mum
211 1921 348 1947 omnes,
374 1907 428 1942 his
444 1906 601 1955 partibus
629 1908 822 1953 contiguas,
850 1906 977 1955 quibus
1000 1919 1088 1954 opus
1115 1911 1215 1944 esset,
1242 1916 1340 1938 areas
1366 1908 1399 1937 et
1421 1901 1543 1936 domus
1565 1913 1641 1935 ma-

100 1969 226 2002 ximam
252 1973 386 2015 partem
413 1966 625 2001 «ludaeorum
649 1972 745 2000 tanto
772 1979 859 2000 usus*
883 1978 1046 2000 successu
1075 1965 1217 2005 coemit,
1246 1967 1284 1996 ut
1312 1962 1387 1995 sine
1412 1960 1481 1994 ulla
1510 1961 1545 1994 in
1573 1960 1640 1994 ali-

101 2040 204 2075 quem
237 2025 360 2060 fraude
392 2038 464 2060 rem
497 2024 710 2072 expediret⁹.
763 2023 865 2068 Quod
899 2025 927 2058 si
961 2025 1039 2072 quis
1074 2022 1224 2057 vendere
1253 2020 1381 2062 noluit,
1414 2019 1527 2054 locum
1564 2018 1641 2066 ejus

103 2085 314 2124 aestimavit,
348 2090 381 2119 et
414 2085 562 2131 pretium
596 2090 734 2119 auctum
763 2083 882 2126 solvit,
917 2082 1110 2130 exemplum
1145 2082 1297 2115 imitatus
1331 2079 1450 2112 Omari
1485 2077 1642 2112 ibn-et-

102 2142 256 2178 Rhattab
280 2144 499 2191 imperatoris
523 2143 694 2183 fidelium,
722 2155 827 2191 quum
853 2142 1017 2190 templum
1044 2141 1186 2175 'Meccae
1209 2139 1462 2174 sanctissimum
1487 2136 1642 2184 amplifi-

209 2243 229 2285 ¹)
256 2252 378 2291 ΟΜ
403 2258 429 2278 a.
454 2250 601 2292 0)*φρλῇ
628 2246 659 2278 b.
766 2242 789 2285 2)
815 2242 917 2274 &audi
941 2244 971 2275 b.
999 2243 1030 2275 d.
1061 2242 1151 2287 quod
1180 2245 1213 2274 in
1237 2243 1381 2272 versione
1403 2246 1530 2271 secutus
1556 2251 1638 2270 sum.

102 2294 251 2335 -Jo-e-fi-ssl
275 2308 301 2327 a·
383 2293 406 2336 3)
431 2295 522 2341 0565
556 2297 587 2328 b.
685 2294 708 2336 ⁶⁵)
734 2295 853 2328 Omnes
879 2293 966 2345 eal>
992 2293 1183 2326 femininum
1208 2293 1337 2324 habent.
1444 2289 1469 2330 5)
1502 2288 1577 2337 Γῖ-,ΞΣ
1609 2290 1639 2321 1)ῤ

108 2346 132 2386 ὓ)
159 2346 204 2394 σί
230 2346 261 2378 (1.
289 2349 362 2384 „124
387 2358 413 2378 c.
440 2344 548 2393 effi&
577 2358 603 2379 c.
629 2346 744 2379 s-..k-b-x
771 2358 798 2379 c.
825 2358 852 2379 e.
958 2344 980 2386 ἵ)
1005 2343 1153 2385 ’.τιναςῑ-ςάῑᾼ
1180 2355 1207 2376 e.
1308 2340 1334 2383 S)
1360 2337 1465 2388 5435&ss
1491 2353 1518 2373 a.
1617 2338 1641 2379 ⁹)

95 2402 152 2442 :2⁸¹²
176 2410 205 2442 g.
231 2401 282 2443 50³²
307 2397 339 2429 h.
361 2409 429 2443 ἐρ
454 2397 484 2428 b.
