2215 2979
1205 221 1474 252 —154—

578 320 624 353 dii
651 318 754 351 sociis
787 314 986 361 appellatis,
1013 315 1057 348 ad
1085 327 1235 349 mensem
1263 329 1373 363 usque
1400 313 1613 350 Ramadhsmi
1641 330 1730 352 anno
1762 324 1832 352 513
1874 320 1929 354 bic
1970 322 2105 355 mansit.

576 379 709 411 Interea
739 379 947 408 sectatorum
974 387 1153 408 numerum
1181 375 1334 421 quotidie
1364 382 1589 417 crescentem,
1616 376 1740 411 famam
1773 391 1834 425 per
1866 387 1997 415 montes
2036 382 2104 414 De-

574 437 649 472 reni
675 446 834 480 magnam
861 433 1021 468 diffusam
1044 441 1077 468 ct
1103 432 1241 468 turbam
1268 436 1430 469 comitum
1459 442 1593 470 auctam
1621 436 1759 471 videns.
1786 444 1905 482 gentes
1933 439 1975 472 ad
1991 453 2104 473 saera-

573 498 725 528 mentum
763 489 830 524 sibi
864 491 1046 525 dicendum
1073 497 1190 537 aperte
1216 493 1363 525 vocavit.
1416 493 1522 527 Primi
1554 495 1703 528 (annium
1734 494 1782 528 itti
1812 494 1929 528 decem
1960 494 2014 529 die
2035 497 2105 529 Ye-

573 553 665 587 neris
695 554 774 585 1520
801 551 928 584 mensis
954 550 1172 585 Ramadhani
1212 564 1302 586 anno
1344 566 1454 599 nuper
1493 554 1585 588 dieto
1627 560 1707 602 post
1740 567 1861 600 preces
1901 555 2107 588 meridianas

570 611 674 647 fidem
699 612 729 646 ei
755 610 969 658 adjurarnnt.
1023 611 1197 659 Sequente
1220 611 1275 646 die
1298 612 1442 647 Sabbati
1470 617 1544 647 lssto
1574 613 1728 661 ejusdem
1763 614 1980 648 Ramadhfini
2013 626 2107 647 men-

572 671 620 704 sis
646 671 681 704 in
708 669 874 716 templum
909 669 1059 703 Tinmali
1084 671 1286 711 maximum,
1328 670 1445 704 decem
1474 670 1540 704 iltis
1569 672 1671 705 sociis
1699 684 1775 705 eum
1816 671 1939 716 gladiis
1979 669 2108 704 strictis

572 743 649 764 cum
672 729 980 777 prosequentibus,
1008 730 1166 769 incessit,
1194 729 1270 772 ubi,
1299 742 1488 765 conscenso
1515 739 1696 777 suggestu,
1732 731 1931 765 concionem
1969 728 2108 769 habuit,

572 802 642 837 qua
668 801 706 823 se
734 786 904 822 Imtimum
933 788 1170 823 cl-Bffclnlium
1210 789 1268 822 diu
1296 795 1549 836 exspectatum,
1578 791 1636 837 qui
1665 796 1789 823 terram
1815 788 1949 836 justitia
1988 785 2108 833 imple-

572 854 642 891 ret,
669 847 782 896 palam
810 847 989 895 professus
1019 853 1080 881 est.
1132 848 1281 894 Imperio
1308 861 1447 895 quoque
1474 862 1536 883 sno
1566 848 1801 886 manifestato,
1839 852 2026 895 praesentes
2065 843 2109 878 ad

571 913 825 942 sacramentum
854 906 934 941 fidei
962 906 1028 940 sibi
1052 906 1234 941 dicendum
1263 908 1408 941 vocavit.
1461 908 1582 956 ltaque
1609 921 1726 943 omnes
1750 907 1988 942 Tinmalcnses
2031 917 2108 939 cum

570 966 743 1001 universis
772 965 895 999 vicinis
925 978 1000 999 eum
1025 979 1139 1011 regem
1165 965 1369 1000 salutarunt.

670 1024 896 1072 Aliquamdiu
923 1024 980 1057 bic
1003 1031 1156 1059 moratus
1185 1031 1253 1065 est,
1283 1025 1397 1071 [114]
1427 1030 1464 1058 ut
1492 1024 1603 1058 tribus
1633 1029 1666 1059 et
1691 1024 1912 1059 montieolas¹
1940 1025 1983 1059 ad
1998 1038 2035 1059 se
2059 1024 2109 1058 al-

571 1085 701 1119 liceret.
754 1084 885 1118 Eodem
913 1090 1069 1132 tempore
1097 1083 1139 1118 ad
1167 1084 1278 1118 tribus
1311 1085 1452 1118 comites
1481 1096 1562 1117 suos
1601 1083 1845 1131 prmdicatores
1886 1084 2110 1118 circummisit

570 1148 607 1178 et
633 1143 841 1191 discipulos,
870 1156 1018 1190 quorum
1048 1143 1253 1177 dexteritate
1286 1143 1509 1179 inniteretur,
1546 1143 1581 1175 in
1622 1143 1781 1188 regiones
1817 1142 1991 1188 ablegavit
2028 1154 2109 1189 pro-

569 1199 721 1248 pinquas
748 1212 788 1234 ac
815 1199 971 1240 dissitas,
1000 1201 1080 1248 qui,
1107 1215 1213 1249 quum
1241 1201 1396 1235 homines
1425 1201 1629 1241 invitarent,
1660 1205 1699 1234 ut
1739 1199 1883 1246 imperio
1923 1196 2111 1233 el-Mehdii

571 1270 609 1294 se
635 1259 869 1307 subjicerent,
894 1260 1074 1294 immnatui
1099 1260 1175 1308 ejus
1206 1261 1308 1295 fidem
1336 1261 1571 1308 acquirerent,
1598 1266 1630 1294 et
1657 1259 1843 1294 virtutibus
1866 1257 2111 1305 miraculisque

572 1318 649 1366 ejus
680 1318 942 1366 p1-aedieamlis2,
967 1319 1213 1367 temperentia3
1241 1334 1281 1355 ac
1306 1321 1441 1368 justitia
1484 1319 1665 1354 manifesta
1694 1319 1934 1362 describenda,
1959 1330 2109 1352 amorem

572 1378 607 1412 in
633 1378 765 1412 animos
792 1376 976 1423 injicerent
1003 1376 1224 1411 audientium.
1277 1378 1330 1411 Ex
1362 1377 1521 1411 omnibus
1550 1379 1654 1423 igitur
1678 1377 1836 1425 partibus
1860 1384 1893 1412 et
1924 1377 2027 1417 lociS,
2071 1378 2110 1409 ut

573 1441 827 1471 sacramentum
856 1435 1011 1470 dicerent
1040 1437 1186 1483 visuque
1216 1436 1292 1483 ejus
1329 1436 1431 1472 beato
1469 1437 1684 1480 fruerentur,
1722 1438 1923 1485 frequentes
1961 1436 2109 1471 advene—

572 1502 669 1539 runt,
699 1507 802 1543 quos,
829 1493 896 1528 fide
924 1500 1082 1540 accepta,
1112 1494 1248 1533 docuit,
1277 1508 1314 1529 se
1339 1508 1414 1529 esse
1442 1494 1670 1529 el-Melidium
1699 1495 1756 1530 diu
1776 1501 2023 1544 exspectatum.
2057 1495 2109 1528 lta

572 1553 677 1588 rebus
701 1553 812 1586 auctis
835 1558 868 1585 et
894 1552 1039 1598 imperio
1066 1551 1218 1589 firmato,
1247 1564 1384 1590 omnes,
1420 1552 1494 1599 qui,
1532 1552 1696 1586 voluntati
1739 1565 1809 1586 suae
1851 1551 2020 1599 subjecti,
2055 1564 2109 1584 sa-

573 1616 788 1645 cramentum
812 1607 892 1642 fidei
917 1608 1080 1642 dicebant
1105 1614 1138 1642 et
1168 1608 1359 1642 doctrinam
1387 1621 1483 1642 suam
1510 1609 1779 1654 profitebantur,
1807 1607 2110 1644 eI-llhwaltleidiin

572 1668 790 1712 (VUnitarios)
818 1666 964 1699 vocavit.
1017 1665 1161 1699 Librum
1189 1679 1328 1713 quoque
1354 1666 1529 1700 el-tevhe'd
1567 1667 1751 1707 (doetrinae
1775 1668 2021 1711 unitariorum)
2045 1666 2111 1700 lin-

572 1740 639 1772 gua
667 1724 849 1760 herberica
877 1725 1128 1772 conscriptum,
1157 1731 1190 1759 et
1215 1726 1324 1769 (sicut
1358 1725 1551 1769 Coranum)
1580 1727 1613 1759 in
1643 1727 1754 1760 varias
1798 1726 1945 1761 divisum
1986 1726 2111 1760 sectio·

574 1800 654 1826 nes,
680 1787 800 1824 use-lor,
829 1786 922 1820 hizb,
950 1784 1033 1819 seira
1063 1785 1280 1823 nominatas,
1310 1797 1368 1819 eos
1397 1784 1531 1823 docuit,
1560 1785 1729 1833 simulque
1756 1785 1859 1824 dixit,
1886 1786 1915 1820 si
1941 1785 2018 1833 quis
2045 1783 2111 1818 hoc

573 1846 748 1880 el-tevlu'cl
776 1846 970 1891 ignoraret,
999 1857 1075 1878 eum
1100 1858 1168 1878 non
1197 1858 1273 1879 esse
1299 1844 1596 1887 Muvahbiditani,
1625 1845 1685 1879 scd
1710 1845 1900 1887 infidelem,
1940 1843 2041 1890 eujus
2081 1843 2110 1874 i-

573 1912 742 1940 ‚namatus
769 1905 862 1940 baud
892 1906 1052 1951 agnosci,
1079 1918 1192 1952 neque
1219 1905 1427 1938 sacrificium
1454 1905 1603 1951 permitti
1632 1911 1757 1952 posset.
1809 1905 1876 1938 llio
1900 1903 1988 1939 liber
2019 1901 2110 1950 apud

574 1966 688 2000 varias
715 1964 920 2000 Mesizmedae
949 1970 1069 2011 gentes
1097 1964 1259 2008 eandem,
1287 1977 1327 1998 ac
1355 1964 1532 2005 Coranus,
1550 1963 1699 1998 obtinuit
1721 1964 1971 1998 auctoritatem.
2022 1961 2109 1994 Nam

573 2024 765 2067 el-Mehdi,
793 2024 853 2072 qui
881 2022 946 2057 has
970 2022 1082 2057 tribus
1109 2023 1258 2056 omnium
1288 2036 1420 2062 rerum,
1449 2023 1523 2058 sive
1549 2022 1749 2068 religionem
1776 2023 1849 2057 sive
1873 2023 1976 2056 vitam
2010 2031 2109 2066 spec-

573 2090 707 2128 tarent,
734 2085 874 2130 ignaros
889 2083 1084 2121 invenerat,
1112 2095 1169 2116 eas
1185 2081 1438 2117 machinatione
1455 2095 1515 2116 sua
1529 2082 1734 2126 fascinatas,
1762 2081 1946 2117 verborum
1966 2080 2107 2124 lingua·-

574 2157 641 2192 que
667 2143 796 2179 blanda
831 2141 1012 2178 dulcedine
1040 2147 1073 2176 et
1099 2142 1225 2176 astutia
1251 2141 1337 2175 adeo
1365 2142 1527 2185 viceratss
1554 2148 1593 2176 ut
1617 2142 1659 2176 de
1686 2142 1821 2176 nemine
1846 2140 1910 2174 nisi
1951 2151 1991 2173 co
2016 2150 2108 2172 com-

574 2209 824 2247 memorantes,
853 2202 929 2251 ejus
954 2202 1098 2249 imperio
1123 2201 1225 2236 modo
1253 2202 1419 2249 subjecti,
1447 2215 1546 2249 opem
1574 2202 1607 2235 in
1635 2201 1740 2236 rebus
1766 2199 1918 2235 adversis
1946 2197 2107 2245 implora-

575 2269 671 2307 rent,
698 2264 836 2298 nomine
866 2263 1028 2296 invocato
1055 2274 1208 2295 mensam
1235 2260 1478 2296 benedicerent
1506 2267 1539 2296 et
1565 2261 1600 2295 in
1616 2260 1837 2308 suggestibus
1864 2271 1939 2292 eum
1955 2256 2106 2291 el-Meh-

683 2361 704 2403 ¹)
727 2362 835 2403 ὼεῐώῑ
856 2383 890 2389 -
915 2363 1050 2405 -μῐ,
1073 2383 1104 2389 -
1131 2376 1157 2396 a.
1266 2360 1288 2404 2)
1314 2362 1454 2411 munes,
1480 2382 1512 2389 .-
1547 2382 1573 2388 -
1597 2376 1729 2409 cffiffi:
1767 2379 1797 2385 -
1819 2372 1844 2391 a.
1952 2357 1975 2399 ³>
2019 2358 2105 2405 &37²5

578 2410 689 2459 σθ’-ΨΒ
712 2425 739 2444 c.
845 2413 869 2454 ⁴)
896 2414 1007 2460 βψ)
1031 2414 1053 2446 f·
