2215 2979
1195 175 1470 206 —504—

567 282 776 318 apprecans‚
806 271 868 305 Dei
896 270 1053 303 timorem
1079 267 1167 302 clam
1198 273 1232 302 ct
1265 267 1405 315 publice
1428 269 1650 309 habendum,
1686 273 1888 319 patientiam
1929 281 1963 309 et
1999 275 2101 309 animi

568 329 761 363 firmitatem
790 326 1052 362 commendavit.
1105 327 1195 361 Tum
1219 326 1263 361 ab
1290 340 1329 361 eo
1357 327 1537 370 discessit,
1562 336 1595 363 et
1630 329 1850 367 Abu-Mare?
1872 334 1976 368 citato
2002 348 2103 369 cursu

569 384 611 417 :ul
638 389 785 416 montem
811 382 939 417 Abriz¹
964 382 1031 417 hoc
1056 382 1111 418 die
1137 385 1308 431 perrexit,
1335 384 1395 419 uhi
1421 385 1464 419 ad
1492 399 1613 433 preces
1650 388 1902 433 pomeridianas
1942 391 2104 425 consedit.

569 443 668 489 Equo
696 448 778 476 tunc
813 443 936 477 iterum
970 455 1180 485 conscenso,
1214 456 1326 490 usque
1365 442 1409 477 ad
1445 456 1626 491 vesperam
1663 445 1728 480 iter
1761 446 1978 489 accelerans,
2012 455 2106 496 post-

570 515 672 549 quam
701 503 799 549 cquis
827 503 860 536 in
884 502 1090 537 vadi-Lem:
1123 502 1288 550 pabulum
1323 501 1482 544 dederat,
1514 510 1620 538 totam
1657 510 1791 539 noctem
1830 507 2007 552 protectus
2040 512 2107 552 cst,

571 567 601 593 et
629 574 727 594 mane
754 561 920 608 postridie
949 562 992 596 ad
1021 562 1199 596 castellum
1229 562 1507 597 Ain-el-Salilira
1536 565 1646 604 venit,
1669 564 1730 598 ubi
1756 565 1798 598 ad
1822 578 1944 612 preces
1960 566 2108 613 pomeri-

572 617 692 650 dianas
720 618 882 653 occuluit.
934 619 1024 652 Tum
1059 632 1184 667 equum
1219 619 1456 653 conscendens
1490 633 1601 668 usque
1638 620 1680 654 ad
1717 634 1895 668 vesperam
1929 623 1994 656 iter
2027 623 2110 657 fecit

573 682 621 714 vl,
650 685 835 726 postquam
863 679 1064 713 constiterat
1091 678 1133 712 ad
1161 678 1324 725 pabulum
1351 679 1519 726 jumentis
1556 679 1727 722 dandum,
1761 686 1896 714 noctem
1930 682 2007 720 ivit,
2046 681 2110 716 (lo-

573 746 636 767 ncc
664 749 765 769 mane
794 735 848 770 die
872 742 1012 784 postero
1039 748 1147 783 prope
1175 735 1350 778 cl-Qalam
1379 737 1520 768 veniret.
1575 735 1641 769 llic
1668 736 1843 782 principes
1872 737 2015 770 militum
2037 737 2111 772 col-

573 794 680 828 lectos
713 795 903 839 consuluit,
938 796 1078 842 quinam
1120 801 1343 830 excurrerent
1378 796 1508 842 quique
1534 806 1651 828 secum
1680 802 1868 830 manerent.
1925 797 2110 842 Quingenti

574 852 718 897 equites,
748 853 791 887 ad
819 854 1049 888 incursionem
1078 853 1195 891 electi,
1224 854 1328 887 citato
1357 866 1458 887 cursu
1493 852 1665 900 Hispalim
1697 859 1835 899 petunt,
1871 867 2018 901 quorum
2052 867 2112 889 vc-

574 912 674 955 stigia
703 912 934 955 Abu-Mares,
959 911 1094 946 vexillis
1126 911 1308 958 explicatis
1336 918 1370 947 ct
1397 913 1497 958 signo
1523 911 1637 945 fausto
1663 913 1864 959 praemisso,
1899 913 1990 948 lente
2020 913 2111 960 legit.

577 969 767 1005 Christiani
792 977 924 1011 autem,
952 972 1028 1019 qui,
1055 977 1094 1004 ut
1127 971 1324 1017 palantibus
1359 977 1600 1009 occurrerent,
1634 970 1823 1018 peditatum
1858 976 1891 1004 ct
1924 971 2113 1018 equitatum

578 1029 711 1074 Hispali
741 1043 817 1063 cum
842 1043 965 1074 magno
994 1036 1164 1077 apparatu
1189 1030 1397 1069 eduxerant,
1423 1035 1610 1076 conspecto
1645 1029 1772 1063 vexillo
1807 1029 1899 1064 felici
1935 1036 1968 1064 et
2007 1031 2113 1077 copiis

578 1087 610 1120 id
627 1087 854 1134 sequentibus
868 1087 1010 1125 visis,ad
1026 1086 1147 1121 urbem
1160 1093 1388 1134 properanter
1398 1085 1557 1124 reversi-¹,
1572 1099 1645 1119 eam
1663 1087 1844 1125 inti-antet,
1858 1087 1967 1132 portis
1978 1086 2113 1122 clausis,

578 1144 758 1178 moenibus
782 1157 821 1178 ac
838 1146 972 1189 sagittis
997 1158 1072 1178 sese
1087 1145 1286 1180 defendunt.
1324 1145 1559 1185 Abu-Marci,
1579 1145 1655 1179 loco
1673 1144 1764 1178 haud
1781 1144 1920 1182 dissito,
1935 1143 1996 1178 ubi
2010 1143 2115 1189 sagit·

579 1209 619 1237 tae
649 1217 725 1236 eum
753 1204 922 1248 attingere
950 1216 1017 1236 nou
1046 1211 1225 1250 poterant,
1249 1204 1459 1240 subsistens.
1488 1203 1613 1237 milites
1640 1204 1674 1236 in
1704 1203 1779 1237 loca
1803 1203 1915 1236 vicina
1941 1201 2115 1249 dispersos

576 1261 698 1306 jussit,
736 1273 837 1304 agros
879 1261 1099 1302 comburere,
1140 1276 1248 1309 pagos
1289 1263 1455 1303 (lii-uerc·²,
1496 1262 1639 1297 arbores
1679 1261 1872 1296 concidere.
1925 1259 2116 1309 Tympanis

581 1333 694 1353 eoram
722 1332 759 1352 se
785 1319 941 1365 pulsatis,
968 1327 1004 1354 ut
1033 1319 1125 1354 hosti
1153 1323 1255 1355 timor
1270 1321 1486 1368 injiceretur,
1513 1334 1624 1367 usque
1649 1319 1690 1353 ad
1718 1326 1852 1354 noctem
1879 1325 1959 1354 ante
1982 1325 2116 1366 portam

582 1380 742 1412 continue
770 1380 881 1419 stetit,
908 1379 987 1413 dum
1016 1392 1134 1412 omncs
1161 1380 1339 1420 Muslemi,
1368 1381 1427 1427 qui
1455 1379 1497 1413 ad
1528 1378 1780 1425 expeditionem
1815 1379 1990 1417 exierant,
2024 1377 2116 1425 apud

582 1450 657 1471 euin
691 1442 805 1470 essent
832 1436 977 1471 collecti.
1029 1437 1112 1483 Ipso
1140 1436 1323 1484 Prophetae
1351 1436 1406 1470 dic
1430 1435 1536 1470 natali
1567 1435 1620 1478 hi,
1652 1434 1727 1481 plus
1757 1438 1866 1475 5,000
1907 1434 2117 1469 Christianis

582 1495 726 1535 occisis,
755 1501 882 1528 tantam
908 1501 1073 1542 ceperunt
1100 1495 1266 1541 praedam,
1302 1501 1340 1529 ut
1362 1499 1434 1528 580
1466 1495 1600 1529 {eminae
1639 1506 1680 1527 ac
1714 1492 1832 1535 liberi,
1876 1497 1982 1537 1‚5Go
2020 1494 2116 1541 equi,

583 1552 664 1585 muli
693 1559 725 1585 ct
749 1553 854 1595 asini,
882 1553 978 1586 multi
1011 1566 1092 1586 oves
1121 1552 1297 1599 bovesque
1332 1558 1604 1586 numerarentur.
1658 1551 1787 1585 Omnes
1824 1551 1887 1584 viri
1922 1551 2116 1594 interfecti,

584 1607 698 1641 nullus
729 1614 849 1654 captus
876 1615 937 1643 est.
988 1610 1028 1642 En
1057 1616 1169 1642 castra
1198 1610 1285 1643 salvi
1314 1609 1464 1656 praedam
1490 1608 1653 1644 tulerunt.

684 1667 746 1699 Die
774 1666 897 1699 Martis
928 1670 1006 1699 1320
1031 1666 1129 1700 Rebi’
1158 1666 1263 1713 liujus
1299 1669 1487 1715 imperator
1518 1667 1787 1703 Muslemorum,
1818 1679 1940 1711 agmen
1982 1673 2119 1702 centum

582 1726 837 1769 sagittariorum
884 1724 1121 1765 Sebtensium,
1166 1727 1219 1760 eui
1266 1727 1356 1762 mille
1406 1727 1551 1760 militum
1603 1725 1875 1759 voluntariorum
1922 1731 1956 1760 ct
2004 1725 2119 1760 Messi-

584 1784 688 1819 nieda·
730 1783 961 1830 adjungebat,
1004 1798 1080 1819 cum
1118 1786 1237 1826 mulis,
1275 1789 1334 1834 qui
1379 1800 1500 1821 saccos
1534 1785 1722 1833 portabant
1755 1784 1982 1830 sagittarum,
2022 1784 2119 1833 palos

584 1852 614 1878 et
655 1844 824 1881 sceui-esst
872 1843 960 1877 duce
1013 1843 1198 1878 Abu-Alio
1247 1845 1377 1880 Omaro
1422 1843 1787 1879 ben-Abd-el-Vahid
1827 1844 1932 1878 emiro
1979 1849 2119 1890 nepotc,

585 1903 626 1936 :ul
677 1908 845 1941 castrum,
892 1907 970 1935 octo
1015 1902 1089 1936 scre
1132 1902 1289 1936 milliaria
1337 1916 1356 1936 a
1400 1903 1523 1937 castris
1577 1901 1751 1941 dissitum,
1787 1903 1888 1936 misit.
1960 1902 2046 1938 Inde
2082 1918 2120 1938 c-

586 1962 654 1993 nian
690 1961 751 1993 viar.
776 1961 815 1993 iis
852 1959 1022 1993 infestatae
1050 1964 1147 1997 suut,
1178 1960 1238 2006 qui
1264 1958 1346 2001 soli,
1374 1964 1432 1993 aut
1456 1959 1576 2005 paucis
1601 1957 1785 1992 comitibus
1812 1972 1830 1993 c
1858 1960 1981 1994 castris
2012 1962 2120 1996 exiis-

586 2028 673 2056 sent.
724 2019 885 2053 Muslemi
911 2032 950 2053 eo
978 2018 1146 2065 profecti,
1174 2023 1325 2052 castrum
1350 2029 1554 2066 oppugnare
1589 2023 1787 2063 coeperunt.
1841 2018 2030 2055 Christiani
2060 2034 2119 2056 au-

584 2088 671 2122 tem,
698 2080 757 2126 qui
783 2078 830 2112 ibi
858 2079 1010 2118 inerant,
1038 2090 1205 2111 summam
1231 2077 1265 2110 in
1293 2090 1409 2124 pugna
1448 2081 1676 2110 exscrucrunt
1706 2075 1960 2122 fortitudinem,
1994 2086 2027 2115 et
2059 2093 2118 2127 pe-

586 2138 673 2172 dites
708 2138 976 2185 sagittariosque
1017 2149 1122 2184 supra
1153 2141 1186 2169 ct
1220 2135 1310 2170 infra
1344 2135 1570 2170 collocarunt.
1623 2135 1714 2169 Tum
1750 2135 1913 2172 Abu-Ali
1949 2152 1991 2173 ex
2030 2152 2117 2188 equo

588 2196 817 2238 descendens,
845 2202 944 2230 scuto
970 2208 1072 2229 manu
1097 2194 1286 2242 prehenso,
1313 2194 1460 2243 pedibus
1488 2194 1531 2229 ad
1563 2201 1714 2230 castrum
1741 2199 1927 2244 processit,
1954 2204 1987 2233 et
2002 2198 2114 2244 [257]

697 2297 716 2337 ¹)
737 2312 794 2345 fij.
824 2299 854 2329 b-
886 2297 929 2343 »εἴ
958 2310 983 2329 c.
1004 2297 1087 2344 fies)
1121 2310 1146 2330 e.
1254 2295 1278 2340 ρ>
1311 2295 1362 2340 ³23>
1391 2309 1417 2329 ⁰·
1527 2295 1549 2338 ³)
1577 2317 1607 2323 -
1632 2309 1657 2329 0·
1772 2298 1793 2339 ⁴)
1823 2297 1949 2342 &55:32
1980 2298 2116 2345 02¹2„AE

590 2347 721 2393 0⁷:³²³>
747 2349 776 2379 b.
878 2337 891 2345 ¹
