2215 2979
755 179 1029 211 —517—

110 275 394 326 Abu-,laqubum
423 277 596 321 substitit,
623 284 674 319 et,
703 276 885 313 Mei-inidis
911 276 1130 320 ludentibus,
1162 275 1247 321 ”ego
1274 274 1407 314 etiam”,
1439 273 1542 313 dixit,
1575 272 1650 307 ''lu-

110 336 190 372 dam
216 336 334 379 laetus,
366 338 447 385 quia
483 338 578 373 Deus
606 351 645 373 ea
675 351 728 372 me
755 336 897 372 donavit
924 338 1054 383 gratia,
1086 342 1124 370 ut
1153 348 1214 370 vos
1241 334 1310 369 hue
1334 334 1504 382 profecti,
1530 344 1651 381 pacem

111 403 145 432 et
170 396 328 431 inducias
360 394 443 429 mihi
477 396 722 431 concederetis.
776 398 834 433 Me
868 398 957 432 euim
988 397 1145 445 inprimis
1174 395 1292 429 laetitia
1320 394 1449 429 decet.”
1503 394 1567 427 llis
1597 391 1652 427 di-

104 456 194 499 ctis,
221 461 321 490 scuto
348 461 382 490 et
407 454 527 489 lancea
562 457 727 503 arreptis,
761 469 838 491 eum
866 455 1042 491 nobilibus
1075 457 1146 490 suis
1174 469 1285 503 usque
1312 455 1355 489 ad
1382 455 1464 490 solis
1491 466 1653 489 occasum

111 527 228 550 coram
252 512 500 561 Abu-,Iaqubo
530 513 620 548 lusit.
673 515 820 549 Postero
848 515 902 550 die
935 514 1160 563 Abu-,laqub
1187 521 1220 549 et
1248 513 1425 561 Schandja
1453 513 1653 561 imperatori

110 573 356 608 Muslemorum
381 572 520 607 obviam
544 573 676 614 ierunt,
703 587 803 621 quem
829 575 863 608 iu
889 574 1051 609 eastelto¹
1087 573 1288 609 el-Saklu-a·
1313 586 1421 620 prope
1450 570 1652 606 vadi-Leltk

110 633 339 669 offenderunt.
391 633 444 666 Eo
474 633 550 680 ipso
585 633 640 667 die
672 634 876 681 imperator,
912 636 953 669 iis
987 634 1194 682 recipiendis
1229 640 1389 681 paratus,
1423 633 1541 679 copias
1573 643 1653 665 suas

110 699 144 727 et
170 693 344 728 exereitus
378 691 475 725 albas
509 691 652 726 induere
683 699 795 727 vestes
830 699 862 728 ct
893 700 1067 728 armatura
1100 693 1198 740 plena
1229 706 1266 727 se
1301 705 1425 726 ornare
1457 690 1580 738 jussit,
1607 690 1653 724 ita

109 758 148 787 ut
171 759 264 787 terra
292 765 333 786 ex
362 749 521 784 albedine
554 750 802 785 Musleinorum
838 752 1040 788 albesceret.
1094 752 1270 799 Seliandja
1301 759 1415 786 autem
1447 757 1558 784 turma
1586 763 1653 798 pa-

109 824 277 859 ganorum
307 812 404 857 nigra
433 811 619 844 comitante
642 811 799 849 incessit,
828 811 860 845 id
887 812 980 859 quod
1008 813 1206 847 videntibus
1233 812 1390 859 exemplo
1415 817 1506 852 crat,
1534 815 1567 844 et
1593 821 1654 844 co-

110 884 184 906 ram
216 872 443 919 imperatore,
469 869 678 904 salutatione
707 877 863 916 peraeta,
891 878 1090 906 reverenter
1124 871 1289 906 consedit.
1343 869 1492 911 Deinde,
1520 868 1654 903 ''Deus''

108 931 239 978 inquit,
272 930 481 977 ”imperator
515 928 685 971 fidelium,
721 942 886 963 summum
919 929 1022 965 hodie
1054 930 1135 964 mihi
1169 929 1318 977 praebuit
1353 930 1516 975 gratiani,
1549 940 1655 975 quum

109 987 173 1022 tibi
195 987 268 1035 jam
295 1000 532 1030 occurrerem,
558 994 688 1036 tuoque
715 989 849 1023 fruerer
877 996 1076 1037 conspectu.
1130 990 1252 1037 ltaque
1280 1002 1382 1036 spero
1410 988 1501 1029 fore,
1528 992 1566 1020 ut
1590 985 1654 1020 ali-

109 1045 194 1094 quid
228 1047 393 1087 fortunae,
429 1062 497 1097 qua
530 1055 568 1083 tu
601 1047 751 1093 gaudes,
787 1062 850 1094 ego
882 1049 983 1083 etiam
1019 1049 1210 1088 obtineam,
1246 1055 1283 1082 ut:
1314 1061 1413 1094 reges
1448 1046 1655 1080 christianos

109 1120 173 1154 per
202 1120 275 1142 earu
304 1109 449 1142 vineam.
501 1110 555 1143 'Ne
583 1109 720 1151 credas,
749 1123 890 1157 precor,
919 1123 972 1143 me
999 1109 1169 1144 volentem
1209 1108 1368 1143 lubenter
1398 1107 1466 1141 hue
1500 1106 1654 1144 venisse,

110 1166 214 1200 immo
239 1167 369 1201 invitus
394 1167 437 1201 ad
463 1168 577 1202 aulam
611 1174 703 1202 tuam
732 1169 873 1203 accessi.
926 1169 1071 1202 Terram
1107 1169 1196 1201 enini
1227 1181 1335 1202 meam
1363 1165 1573 1207 devastasti,
1599 1163 1655 1198 ic—

111 1224 222 1258 minas
256 1224 432 1259 abduxisti
470 1232 503 1260 et
535 1225 683 1267 liberos,
721 1226 844 1260 milites
879 1233 1016 1259 nostros
1050 1225 1265 1260 interfecisti.
1318 1226 1365 1258 At
1393 1224 1473 1271 quia
1502 1221 1595 1255 nulla
1623 1227 1657 1254 te

111 1283 307 1318 debellandi
339 1285 503 1324 facultas,
539 1286 631 1319 nulla
664 1285 727 1319 tibi
758 1285 964 1319 adverszmdi
1002 1291 1155 1332 potestus
1189 1284 1289 1318 uobis
1323 1290 1497 1332 superest,
1526 1282 1658 1320 omnia,

111 1354 187 1390 qua:
218 1342 379 1377 facienda
404 1343 552 1390 jusseris
586 1344 731 1385 faciam,
766 1356 1003 1391 quascumque
1037 1342 1199 1375 statueris
1233 1341 1470 1383 conditiones,
1500 1353 1557 1374 eas
1592 1352 1657 1387 ap-

111 1400 269 1449 probabo
296 1408 329 1436 et
356 1402 476 1436 seram.
530 1403 606 1437 Tua
635 1403 724 1437 enim
753 1415 874 1436 manus
909 1414 1013 1448 super
1047 1413 1180 1434 omnem
1217 1406 1343 1434 terram
1374 1413 1482 1434 meam
1511 1406 1545 1433 et
1571 1398 1656 1433 sub-

111 1458 202 1494 ditos
233 1466 394 1506 porrecta
425 1467 494 1499 est,
528 1467 585 1503 ut,
622 1474 699 1508 quae
731 1459 794 1494 tibi
837 1460 1015 1507 placeant,
1051 1459 1166 1491 facere
1204 1458 1348 1505 possis.’'
1411 1458 1535 1492 Postea
1569 1457 1657 1491 dona

111 1520 142 1554 ci
173 1518 316 1567 filioque
343 1519 594 1568 Alm-Jaqubo
630 1521 735 1555 emiro
765 1521 914 1567 pretiosa
948 1525 980 1553 et
1008 1531 1147 1551 munera
1177 1517 1288 1563 ampla
1325 1516 1436 1559 dedit,
1466 1522 1504 1550 ut
1530 1515 1657 1549 bonam

111 1575 294 1623 utriusque
310 1574 522 1609 voluntatem
543 1576 609 1610 sibi
631 1577 840 1611 conciliaret.
872 1577 986 1622 [248]
1016 1576 1208 1621 imperator
1232 1573 1493 1613 Musti—morum,
1510 1584 1552 1605 ne
1568 1570 1658 1604 libe-

110 1633 267 1668 ralitat&
288 1641 530 1681 superaretur,
561 1635 705 1670 alterum
727 1642 858 1669 tantum
887 1636 915 1669 ci
938 1633 1087 1668 reddidit
1109 1640 1141 1667 et
1164 1633 1217 1666 die
1239 1632 1329 1666 Solis
1359 1635 1441 1666 2020
1462 1629 1657 1664 Schabimi.

111 1706 202 1727 anno
231 1695 323 1735 (384,
348 1707 416 1741 pux
443 1695 534 1728 inter
566 1708 624 1729 eos
652 1695 744 1728 saeta
780 1700 840 1728 est.
895 1693 1080 1739 Scluindja·
1115 1692 1252 1726 ‹lonxuui
1284 1690 1441 1725 redeunti
1473 1690 1660 1736 imperator

111 1752 289 1800 praecepit,
317 1758 355 1786 ut
375 1765 514 1794 omues,
542 1766 629 1800 quos
654 1754 687 1785 in
709 1752 868 1786 manibus
891 1751 1168 1785 Christianorum
1198 1756 1231 1783 et
1252 1749 1452 1783 ,lud-sorum
1472 1747 1659 1782 invenisset

110 1811 220 1846 libros
246 1811 466 1846 muslemicos
496 1818 527 1846 et
556 1812 781 1858 exemplaria,
810 1810 853 1845 ad
878 1824 914 1845 se
941 1812 1101 1847 mitteret.
1150 1810 1273 1856 ltaque
1301 1808 1463 1843 tredecim
1492 1807 1659 1841 librorum

111 1882 216 1904 onera
246 1871 354 1910 misit,
389 1872 479 1905 inter
506 1884 594 1918 quos
623 1870 741 1904 multi⁵
776 1876 873 1904 eraut
904 1870 1031 1903 Coruui
1058 1875 1091 1903 ct
1119 1869 1247 1902 Corani
1285 1868 1538 1908 commentarii,
1570 1879 1597 1901 e.
1627 1880 1659 1912 g.

111 1928 324 1975 [bn-Atilizc,
358 1929 508 1963 Thatohi
536 1929 596 1971 aL,
622 1929 728 1962 multa
758 1929 979 1962 truditioiuun
1009 1941 1154 1975 corpora
1184 1940 1372 1974 eorumque
1399 1926 1659 1973 interpretatio-

111 2001 192 2031 ueS,
220 1989 311 2022 sicut
338 1987 575 2027 οΙ-ΤαΙιιΙΙιιΊι,
603 1985 856 2024 el-Istidlilcdr,
885 1985 927 2019 ul.
953 1992 985 2020 et
1014 1987 1097 2020 varii
1124 1986 1429 2033 jurisprudentiae,
1458 1984 1658 2030 theologiae„

111 2045 344 2089 lcxieologiae‚
378 2043 503 2089 lingua}
532 2042 679 2077 arabicae
713 2049 745 2077 et
775 2043 966 2077 litterarum
998 2042 1239 2077 humaniorum
1267 2042 1363 2082 libri,
1401 2056 1488 2090 quos
1516 2048 1660 2076 cunctos

110 2105 235 2140 Fesam
264 2102 453 2151 portandos
481 2104 668 2148 imperator
693 2102 844 2144 curavit,
873 2107 910 2136 ut
938 2103 971 2135 in
1000 2102 1146 2147 collegio
1175 2102 1223 2136 ibi
1252 2116 1271 2136 a
1298 2115 1335 2137 se
1360 2102 1518 2144 condito,
1546 2102 1661 2136 scicn-

112 2166 167 2200 tia:
191 2162 394 2198 doctoribus
423 2162 444 2194 ii
473 2167 772 2195 conservarentur.

210 2223 403 2269 Postquain
431 2219 608 2266 Schnndja
638 2219 671 2252 in
702 2225 829 2253 terram
857 2232 954 2253 suain
981 2218 1081 2256 abiit,
1111 2219 1359 2255 Muslemorum
1391 2220 1579 2267 imperator
1611 2219 1661 2254 el-

112 2278 288 2327 Djeziram
319 2291 499 2318 reversus,
528 2281 610 2312 2720
641 2276 816 2311 Schabziui
849 2291 960 2326 nuper
993 2279 1172 2312 memorati
1206 2292 1279 2313 eam
1322 2280 1500 2324 ingressus
1538 2283 1589 2312 est
1625 2283 1656 2311 et

220 2379 244 2428 ¹)
268 2389 364 2428 ἕως.
392 2381 423 2412 b.
533 2377 557 2425 ²)
581 2379 645 2429 3>sz
676 2394 727 2428 U:
751 2380 782 2412 b.
892 2378 914 2421 ³)
945 2381 1021 2415 ‘xj-:²
1049 2381 1079 2412 b.
1106 2400 1132 2406 —
1161 2392 1186 2412 c.
