2215 2979
729 245 1001 276 —247—

91 345 152 379 filii
176 343 405 386 Abu-Betiti,
439 344 501 379 filii
528 343 735 387 flaminum&
773 342 834 377 filii
865 341 1135 385 Muhammedis,
1163 341 1365 376 Zenatensis
1391 340 1457 375 fuit
1486 351 1505 374 e
1531 341 1633 383 gente

91 403 340 439 Merinidarum
372 403 556 442 oriundus,
582 404 690 451 stirpe
720 402 1001 437 llamamidarum
1035 408 1157 445 natus,
1194 402 1253 449 qui
1294 414 1414 449 usque¹
1443 398 1486 435 ad
1519 394 1632 431 Merln

94 464 201 498 filium
228 464 450 508 Va1·1ageni²,
478 462 539 496 filii
564 461 775 505 mathathi,
804 474 867 510 per
898 462 991 496 solos
1026 463 1170 503 emiros,
1197 462 1348 508 origines
1391 459 1509 495 retulit
1543 465 1633 492 suas·

92 520 333 555 Abu-lihaled
362 520 486 567 Maliju
512 520 780 555 lbn-Abi-Bekr
807 526 906 568 pater
933 534 1000 555 una
1029 533 1106 555 eum
1131 521 1352 555 el-Mansuro
1386 519 1538 555 fidelium
1571 516 1633 549 im·

93 584 254 624 peratore
280 577 497 612 voluntarius
523 591 648 625 pugnae
673 577 794 611 Alarlzi
822 578 996 616 interfuit,
1023 578 1059 612 in
1087 591 1173 625 qua,
1197 578 1267 612 dux
1285 578 1435 613 omnium
1463 577 1634 609 Zeuaten-

93 638 193 677 sium,
223 637 331 684 quiin
359 638 513 671 exercitu
537 643 652 676 erant,
683 636 883 682 designatus
910 637 1046 671 fortiter
1072 637 1246 683 pugnavit.
1299 638 1402 671 Anno
1418 638 1490 669 392
1506 635 1540 668 in
1561 638 1634 666 ter-

92 705 130 727 ra
157 706 237 733 sua,
265 692 494 727 Zab-Africae
523 693 666 738 regione
693 692 925 733 meridionali,
952 699 1135 741 postquam
1169 706 1187 727 e
1223 693 1354 740 proelio
1391 692 1448 727 ille
1482 690 1633 730 abierat,

94 748 297 784 vulneribus
328 749 376 783 ibi
405 750 557 797 acceptis
582 749 923 789 recrudescentibus,
953 756 1084 797 martyr
1119 756 1276 784 mortuus
1317 757 1378 785 est.
1432 750 1518 783 Post
1558 758 1634 781 eum

93 805 418 842 Abu-Muhammed
446 806 711 854 Abd-el-llaqq
738 806 829 840 filius
858 808 1038 854 imperium
1065 809 1098 841 in
1132 808 1322 842 Merinidas
1350 808 1520 854 suscepit,
1545 815 1633 852 quos

94 867 184 901 Inter
211 866 334 900 timore
361 864 456 907 Dei³³‚
482 867 732 911 generositate,
760 867 906 913 pietate,
933 873 1051 901 sancta
1079 880 1211 901 morum
1243 867 1532 904 conformatione,
1568 863 1633 897 be-

94 924 291 960 nedictione
318 930 351 958 et
378 924 445 958 fide
469 924 665 958 firmissima
693 925 921 969 inclaruerat,
946 933 979 961 et
1004 926 1210 961 abstinentia
1237 940 1376 974 quoque
1407 932 1440 960 et
1470 925 1547 958 vitae
1572 935 1633 957 ea-

95 985 213 1019 stitate
242 984 389 1030 insignis
414 984 585 1031 justitiam
617 990 722 1031 atque
769 986 965 1033 {equitatem
1006 987 1040 1019 in
1080 985 1221 1032 judiciis
1262 986 1432 1027 exercuit,
1472 983 1633 1018 esurienti

96 1043 225 1077 victum
253 1056 400 1090 paraus,
428 1042 612 1077 consulens
643 1042 756 1084 orbis,
782 1058 953 1091 pauperes
980 1045 1168 1079 liberaliter
1194 1045 1402 1080 sustentavit
1430 1050 1463 1078 et
1504 1041 1635 1077 debiles

96 1102 283 1138 clementer
310 1102 477 1150 excepit.⁴
528 1102 643 1136 Tanto
671 1115 835 1137 successu
863 1103 1025 1138 divinitus
1055 1104 1274 1151 suppeditato
1308 1103 1489 1139 fruebatur
1529 1101 1636 1135 adeo-

96 1175 164 1210 que
189 1175 313 1210 preces
341 1160 417 1208 ejus
445 1159 737 1201 exaudiebantur,
766 1166 804 1194 ut
842 1160 952 1207 pileus
992 1159 1066 1207 ejus
1096 1167 1128 1195 et
1164 1161 1362 1205 femoralia,
1400 1161 1435 1194 in
1475 1158 1634 1194 omnibus

96 1221 234 1254 Zenatae
258 1218 420 1253 tribubus
447 1230 588 1251 summae
615 1219 752 1252 virtutis
780 1232 855 1253 esse
883 1219 1028 1259 eredita,
1057 1220 1226 1267 gravidiS,
1256 1219 1382 1268 quibus
1422 1224 1542 1266 partus
1579 1229 1635 1250 es-

96 1285 149 1314 set
164 1278 354 1319 diffieilior,
384 1276 703 1320 circumferrentur.
731 1283 764 1312 et
784 1279 878 1312 Deus
906 1280 952 1313 ita
976 1292 1091 1313 earum
1118 1279 1283 1314 allevaret
1315 1278 1452 1313 labores
1481 1282 1635 1324 partum-

97 1350 183 1385 que,
214 1342 358 1383 propter
385 1335 477 1369 illius
504 1335 799 1379 benedictionem,
828 1338 985 1373 redderet
1010 1339 1208 1374 faciliorem.
1243 1341 1400 1387 Aquam,
1426 1343 1505 1385 post
1531 1337 1634 1371 lotio-

98 1411 175 1433 nem
204 1403 284 1431 ante
307 1410 448 1444 preces,
476 1396 644 1444 reliquam
672 1395 715 1430 ad
743 1401 891 1441 :egrotos
918 1396 1121 1444 portabant,
1159 1404 1196 1432 ut
1219 1400 1257 1432 ea
1297 1398 1435 1432 sanitati
1474 1396 1635 1431 restitue-

96 1463 229 1493 rentur.
282 1457 400 1491 Mores
429 1461 570 1491 secutus
600 1468 864 1501 generosorum,
890 1455 1043 1503 jejunia,
1073 1470 1148 1503 qua*
1178 1457 1235 1491 diu
1265 1456 1493 1498 observabat,
1533 1468 1635 1489 num-

98 1530 221 1565 quam,
246 1517 275 1550 si
303 1516 376 1550 dies
402 1517 582 1564 exceperis
609 1515 736 1554 festos,
769 1528 881 1561 neque
907 1514 1020 1548 calore
1047 1527 1109 1548 nec
1136 1514 1265 1560 frigore
1300 1527 1451 1558 summo,
1490 1525 1635 1559 rumpe-

96 1574 166 1609 bat.
220 1575 348 1610 Corani
376 1576 515 1610 lectioni
542 1575 719 1614 assiduus,
747 1581 780 1608 et
809 1575 880 1608 l)eo
905 1574 1077 1608 laudando
1105 1573 1358 1618 deditissimus,
1387 1573 1532 1619 singulis
1559 1571 1634 1606 die-

98 1631 164 1666 bus
193 1631 369 1666 definitam
394 1633 523 1667 Corani
552 1632 690 1678 legebat
717 1637 861 1678 partem,
890 1637 939 1667 et,
968 1644 1186 1678 quocumque
1204 1637 1294 1665 esset
1322 1636 1431 1673 statu,
1454 1642 1528 1664 eam
1542 1625 1636 1662 haud

98 1688 282 1723 omittebat
310 1689 604 1724 consuetudinem.
657 1687 729 1730 Nil,
758 1686 1127 1733 nisisimpliciterlege
1152 1687 1356 1734 permissum
1384 1693 1491 1726 esset,
1519 1685 1635 1721 edens.

99 1761 142 1784 ex
169 1749 242 1782 suis
271 1749 381 1796 ipsius
408 1748 551 1784 vivebat
578 1745 822 1785 facultatibus,
853 1752 885 1780 et
920 1759 1023 1780 carne
1066 1752 1198 1780 tantum
1228 1738 1392 1793 'laeteque
1430 1744 1636 1779 camelorum

100 1812 206 1855 atque
231 1808 347 1842 ovium
373 1814 423 1850 et,
441 1809 470 1842 si
496 1807 578 1856 quid
607 1805 763 1840 venando
791 1806 954 1852 cepisset,
984 1805 1200 1840 vescebatur.
1252 1804 1357 1853 Apud
1388 1802 1637 1838 Merinidarum

99 1872 238 1912 gentes,
266 1868 376 1901 instar
404 1867 552 1914 exempli
579 1865 803 1903 nobilissimi,
834 1864 903 1898 dux
940 1871 1012 1899 erat
1055 1864 1333 1912 obtemperatus,
1379 1865 1479 1910 cujus
1520 1861 1637 1909 jussa,

100 1923 173 1957 sive
201 1923 284 1971 quid
311 1925 522 1971 imperarent
551 1924 623 1958 sive
647 1921 909 1963 interdicerent,
933 1921 1167 1961 iaciebantur,
1202 1934 1266 1956 nec
1306 1933 1361 1955 res
1406 1919 1520 1967 aliqua
1561 1925 1636 1953 acta

99 1988 170 2021 est,
198 1983 312 2029 [190]
341 1984 407 2016 nisi
432 1988 531 2016 antea
561 1980 741 2015 consilium
766 1978 842 2025 ejus
873 1978 979 2013 fuerit
1013 1978 1176 2012 auditum.
1234 1978 1427 2012 Paucorum
1455 1978 1521 2012 fuit
1546 1978 1637 2013 libe-

99 2053 227 2075 rorum.
279 2041 392 2075 Nocte
423 2039 591 2088 quadam,
619 2044 700 2086 post
722 2037 863 2071 multam
904 2037 1032 2071 Corani
1057 2037 1237 2072 lectionem
1277 2037 1421 2084 Deoque
1453 2036 1573 2071 laudes
1597 2049 1637 2070 a-

99 2105 174 2134 etas
205 2099 338 2138 finitas,
366 2099 458 2134 domi
482 2112 552 2133 sum
580 2097 774 2140 dormiens,
806 2097 840 2130 in
868 2109 988 2130 somno
1014 2097 1183 2130 somnium
1212 2095 1278 2130 sibi
1303 2097 1397 2130 visus
1435 2102 1487 2130 est
1504 2094 1637 2137 videre,

99 2158 193 2206 quod
218 2159 285 2206 ipsi
310 2164 343 2193 et
368 2158 517 2205 posteris
544 2169 688 2202 regnum
716 2168 757 2189 ac
780 2155 1013 2203 principatum
1042 2154 1273 2202 portenderet.
1326 2154 1480 2189 Flamma
1518 2155 1636 2200 ignea*

100 2230 119 2252 e
145 2216 300 2252 membro
327 2217 418 2250 virili
455 2217 572 2251 exiens
599 2216 634 2249 in
678 2214 793 2248 coelos
831 2213 916 2248 adeo
956 2213 1167 2249 adscendere
1200 2215 1273 2248 visa
1307 2220 1376 2255 est,
1415 2219 1453 2247 ut
1491 2219 1639 2261 quatuor

100 2276 320 2311 Mauritaniae
349 2275 506 2310 cardines
536 2273 843 2321 complecteretur,
872 2279 904 2308 et
930 2279 1050 2320 postea
1078 2273 1112 2307 in
1142 2287 1246 2308 unum
1275 2272 1419 2308 collecta
1449 2272 1571 2320 plagas
1604 2285 1638 2307 e-

525 2382 532 2418 )
563 2376 650 2414 >sk
679 2389 704 2407 a.
736 2374 819 2422 ἐ),
846 2376 878 2408 b.
985 2374 1007 2416 ³)
1035 2373 1128 2413 aua-'9
1158 2375 1180 2407 f.
1288 2374 1310 2415 ⁴)
1337 2385 1439 2423 ff>
1466 2376 1495 2407 b.
1520 2385 1636 2418 ενι-«ἴ,
