2215 2979
946 537 988 572 L.
1041 536 1085 572 B.

353 706 424 751 Qui
451 706 591 740 tandem
620 704 796 740 benevolis
829 704 1013 739 lectoribus
1042 702 1218 737 absolutus
1252 702 1406 737 traditur
1441 700 1547 743 liber,
1574 704 1686 733 sumtu
1715 699 1788 731 rci-

249 765 409 812 publicae
436 766 548 800 editus
577 769 637 799 cst.
690 763 783 798 Nam
808 768 989 810 postquam
1015 763 1114 810 requi
1139 762 1298 803 ordines,
1325 773 1416 795 anno
1440 760 1544 793 1840
1571 758 1787 806 conqrcqati,

252 825 500 867 decreverant,
528 829 565 858 ut
593 823 709 857 decem
738 821 850 855 millia
878 821 1092 855 thalerorum
1129 821 1313 869 quotannis
1347 820 1389 853 iis
1416 818 1570 853 subsidio
1597 818 1788 857 darentur,

252 884 312 930 qni
337 889 397 918 aut
421 883 603 918 itineribus
631 881 678 915 ad
699 886 837 915 exteras
866 885 984 927 qentes
1011 880 1177 926 susceptis
1202 879 1381 914 scientiam
1409 891 1506 911 suam
1537 882 1568 911 ct
1595 876 1788 909 doctrinam

252 947 387 975 auctam
420 942 567 980 vellent,
604 946 664 974 aut
702 939 800 973 libris
835 939 1060 986 amplioribus
1100 939 1244 973 edendis
1286 937 1465 984 pomoeria
1504 936 1557 970 rei
1593 934 1790 969 litterariae

253 1001 506 1047 quodammodo
531 1000 719 1035 extendere
743 998 940 1042 studerent,
963 997 1095 1044 placuit
1120 997 1254 1032 Sacrae
1281 996 1416 1043 chiae
1442 994 1631 1041 Blajcstati
1657 1005 1699 1027 ex
1725 992 1789 1025 hac

249 1060 398 1104 pecunia
425 1065 556 1094 tantum
583 1058 667 1092 mihi
690 1057 895 1099 concedere,
924 1062 1089 1105 qnantum
1122 1056 1201 1090 huic
1228 1056 1317 1089 libro
1337 1053 1565 1101 imprimendo
1585 1052 1669 1085 satis
1692 1055 1787 1085 essct.

252 1117 326 1151 Diu
355 1119 444 1152 enim
473 1123 566 1158 crat,
599 1128 702 1164 quum
729 1117 838 1150 codex
873 1115 1100 1163 upsalicnsis,
1128 1128 1194 1163 quo
1214 1114 1374 1148 Ilistoria
1402 1111 1662 1153 BIauritaniae,
1693 1108 1789 1153 Qar-

254 1174 304 1210 tcis
332 1176 433 1224 vuIyo
460 1177 656 1219 nominata,
683 1175 941 1219 continebatur,
969 1188 1022 1209 mc
1037 1174 1214 1217 alliceret,
1243 1178 1275 1208 et
1305 1173 1459 1220 quamvis
1485 1184 1559 1205 cum
1590 1170 1625 1203 in
1652 1168 1788 1215 linquas

254 1247 444 1281 cnropacas
471 1247 607 1269 versum
630 1235 708 1281 jam
739 1247 810 1269 csse
837 1235 923 1269 bene
949 1235 1086 1271 scirem,
1116 1238 1229 1266 tamen
1263 1243 1342 1265 mox
1375 1229 1626 1272 animadverti,
1661 1233 1692 1262 ct
1727 1227 1790 1260 has

254 1295 428 1328 versiones
457 1293 584 1333 nmlta,
612 1306 700 1341 qtcae
727 1299 840 1328 textus
863 1293 1022 1327 arabicus
1049 1293 1170 1334 lmbet,
1198 1291 1368 1329 omisisse,
1399 1301 1509 1336 neque
1536 1287 1673 1321 omnino
1697 1285 1790 1334 [idas

256 1365 346 1395 csse,
382 1358 413 1387 et
447 1353 556 1399 ipsum
593 1358 726 1386 textum
758 1352 838 1400 fore
870 1353 1125 1400 diynissimum,
1161 1351 1221 1398 qui
1254 1349 1412 1384 Orientis
1446 1347 1609 1382 studiosis
1641 1349 1790 1392 pateret.

253 1410 331 1445 Per
368 1424 475 1446 annos
514 1411 775 1445 1836—1838
813 1412 930 1445 vinias
969 1411 1191 1445 bibliothecas
1234 1407 1392 1450 Galliae,
1434 1406 1646 1441 Britanniae
1685 1409 1790 1451 atque

258 1468 471 1505 llollandiae
499 1471 640 1504 visitare
669 1471 754 1504 mihi
779 1470 895 1511 licuit,
923 1471 958 1504 in
986 1470 1107 1518 ‹pu'tms
1141 1468 1236 1502 hand
1268 1479 1383 1513 pauca
1416 1465 1542 1500 Nostri
1574 1462 1792 1509 exemplaria

255 1534 451 1563 servantur.
511 1530 673 1577 Reniqna
714 1542 949 1577 yenerosaqnc
987 1528 1162 1576 facilitate
1201 1526 1343 1573 adjutus
1384 1525 1557 1566 virorum,
1597 1523 1718 1571 quibus
1755 1521 1791 1554 hi

256 1587 412 1621 thesauri
435 1594 512 1622 sunt
539 1589 707 1622 commissi
715 1613 723 1630 ,
752 1594 960 1634 apparatum
993 1588 1089 1621 haud
1122 1584 1405 1621 contemnendum
1442 1584 1638 1630 scripturae
1672 1582 1790 1615 varie-

257 1647 337 1679 tatis
365 1648 516 1694 cons'eei,
545 1660 609 1695 cluo
639 1648 733 1680 nisus
761 1648 915 1688 credidi,
943 1659 995 1681 mc
1027 1658 1127 1693 posse
1158 1646 1358 1691 scriptorem
1387 1643 1563 1677 arabicum
1605 1641 1709 1675 cdere
1734 1641 1791 1673 in-

257 1710 399 1751 teqrum.
455 1706 621 1740 Invitavit
651 1706 697 1739 ad
726 1706 897 1753 ejusmodi
924 1719 1028 1752 opus,
1053 1710 1195 1752 practer
1211 1704 1319 1750 ipsius
1346 1701 1540 1749 arqumenti
1565 1700 1791 1748 qravitatcm,

258 1764 360 1797 etiam
387 1765 558 1807 studium,
587 1777 653 1812 quo
674 1764 754 1812 sere
777 1765 924 1798 omnium
953 1764 1045 1797 oculi
1074 1769 1177 1811 atque
1200 1761 1307 1796 animi
1334 1762 1369 1794 in
1398 1773 1471 1795 eam
1499 1759 1590 1793 orbis
1619 1764 1792 1792 terrarum

258 1827 394 1867 partem
416 1823 642 1871 serebantur,
668 1823 765 1870 cujus
787 1823 866 1871 fata
891 1824 924 1856 in
941 1824 1003 1856 hoc
1030 1823 1117 1856 libro
1147 1823 1303 1868 exposita
1329 1826 1427 1863 sunt,
1458 1825 1489 1853 ct
1519 1831 1585 1866 quo
1610 1818 1793 1864 propiores

257 1880 340 1915 illac
365 1888 502 1929 ycntes,
531 1895 677 1930 aptarum
702 1896 758 1916 res
785 1888 903 1929 {festae
925 1882 978 1915 hic
1000 1887 1209 1923 narrantur,
1231 1880 1307 1927 jam
1336 1880 1431 1913 nobis
1452 1878 1570 1926 sactae
1599 1882 1696 1916 sunt,
1714 1881 1793 1923 post

258 1945 392 1986 captam
428 1954 448 1974 a
478 1941 594 1975 Gallis
635 1955 791 1989 maynam
828 1941 1071 1975 *Mauritaniae
1103 1945 1258 1987 partem,
1299 1951 1336 1972 eo
1374 1937 1518 1984 majoris
1554 1936 1714 1970 momenti
1753 1947 1794 1969 ea

258 2000 388 2046 scripta
422 2013 493 2034 esse
531 2001 756 2043 videbantur,
797 2013 884 2048 quae
912 2000 1019 2034 lucem
1059 1999 1225 2033 historiae
1268 2010 1387 2031 earum
1427 1997 1687 2043 aclsperqercnt.
1747 1994 1793 2028 In

256 2059 407 2104 patriam
433 2060 658 2107 festinantius
682 2060 801 2094 redire
825 2065 981 2099 coactus,
1007 2063 1087 2092 ante
1114 2070 1214 2105 quam
1234 2057 1366 2094 omnia,
1396 2055 1498 2089 talem
1525 2054 1649 2088 librum
1679 2054 1796 2087 edenti

258 2120 473 2161 necessaria,
503 2119 637 2153 au.1·ilia
677 2119 903 2166 colleqeram,
945 2117 1164 2151 nihilominus
1204 2129 1289 2162 opus
1331 2115 1446 2148 statim
1489 2126 1669 2161 ayyvvsmaes
1710 2126 1795 2146 sum.

257 2176 349 2211 Mox
382 2190 465 2213 vero
496 2179 664 2225 comperi,
712 2182 841 2225 quanta
869 2176 1072 2224 difficultate
1113 2177 1147 2209 in
1179 2176 1301 2208 ultima
1339 2173 1452 2208 Thule
1489 2173 1517 2206 is
1553 2172 1702 2212 laboret,
1737 2174 1798 2220 qui

258 2243 478 2271 monumenta
514 2238 672 2272 Orientis
705 2237 886 2283 publicare
920 2235 1105 2270 desideret.
1167 2234 1268 2278 Quae
1307 2234 1397 2267 alias
1435 2231 1649 2266 abundantia
1677 2237 1805 2278 patent*

257 2297 428 2338 subsidia,
455 2297 510 2331 hic
538 2301 739 2339 rarescunt,
766 2308 917 2343 raroque
937 2295 1137 2328 conceditur
1157 2294 1282 2332 otium,
1313 2305 1380 2340 quo
1405 2291 1476 2325 solo
1504 2291 1592 2325 liber
1618 2291 1685 2324 rite
1710 2304 1796 2336 pcr-

255 2357 316 2407 fici
337 2362 458 2404 potcst.
511 2355 719 2404 Perleqenti
751 2355 857 2403 iyitur
884 2354 968 2388 mihi
993 2354 1055 2388 hos
1081 2353 1244 2396 amiate-⁹,
1272 2352 1350 2399 jam
1378 2352 1425 2386 ad
1455 2350 1558 2400 {inem
1589 2350 1801 2397 perductos-7,
