2215 2979
1223 227 1466 258 ..58-

573 322 640 362 ¹4³³
679 333 802 368 aquam
831 319 1026 360 salientem,
1066 320 1253 366 PlSClssflffl,
1297 329 1432 369 portam
1460 325 1713 375 nudipedum¹,
1754 327 1939 365 ablutionis
1967 331 2103 366 domum

574 378 718 424 ejusque
745 376 921 415 cubicula,
966 383 999 411 et
1026 379 1206 425 aquarium
1238 379 1427 427 fenestrae,
1472 391 1539 419 tam
1565 383 1793 433 aequabiliter
1822 387 2037 434 dispertitur,
2069 396 2105 424 ut

573 434 657 468 nihil
692 435 791 468 nimis
824 436 868 469 sit
902 448 965 470 nec
999 449 1131 482 parum.
1195 437 1364 475 Cubicula
1398 442 1520 478 domus
1553 444 1758 486 ablutionis,
1794 458 1883 492 quae
1911 449 2105 493 quindecim

573 496 670 531 sunt,
703 505 873 527 marmore
902 498 1030 534 strata,
1066 506 1189 541 aquam
1220 496 1355 542 singula
1390 499 1455 533 sibi
1490 503 1664 548 proprium
1695 501 1878 548 recipiunt.
1930 503 1968 536 ln
1996 504 2104 538 media

573 548 761 585 ablutionis
787 552 908 588 domo²
946 566 1035 601 aqua
1069 554 1214 597 saliens,
1244 558 1414 592 cisternae
1441 560 1579 600 similis,
1604 562 1715 608 posita
1743 567 1811 601 est,
1843 562 1876 595 in
1902 563 2003 609 cujus
2030 576 2104 598 me-

573 605 630 642 dio
664 609 825 656 pharetra
861 624 878 645 e
913 624 1022 660 cupro
1054 620 1175 648 aurato
1202 615 1292 650 inest
1320 616 1451 651 tubulis
1474 613 1648 667 praedita,
1675 632 1692 653 e
1719 618 1846 666 quibus
1874 634 1963 667 aqua
1990 621 2023 655 in
2051 621 2105 667 pi-

572 667 702 701 scinam
730 669 830 704 modo
858 671 985 707 decidit
1013 673 1255 720 pulcherrimo.
1313 678 1459 712 Tectum
1487 678 1610 712 domas
1638 677 1768 712 tholum
1796 678 1946 725 amplum
1972 685 2003 714 et
2032 691 2106 713 ma-

573 739 678 771 gnum
708 728 807 771 fecit,
826 744 937 778 gypso
960 732 1170 769 obductum³
1208 742 1242 772 et
1274 736 1391 771 lazuro
1416 739 1589 785 variisque
1612 738 1756 786 picturis
1779 746 1949 772 ornatum.
2003 739 2030 772 E
2049 751 2106 772 re-

574 785 676 830 gione
703 794 801 835 porta
826 789 921 836 jacet
948 794 1067 841 templi
1094 796 1231 841 augusti
1259 810 1399 842 magna,
1429 797 1639 845 nudipedum
1666 803 1805 840 vocata,
1833 797 1934 844 cujus
1962 796 2106 831 latitudo

573 843 786 881 altitudinem
829 857 980 897 superat.
1045 855 1114 890 Per
1153 869 1227 890 eam
1259 856 1293 889 in
1334 857 1459 890 atrium
1499 858 1657 891 intratur.
1723 857 1788 890 Hie
1817 871 1905 905 aqua
1935 856 2061 891 saliens
2085 870 2107 890 e

573 904 717 951 plumbo
734 908 837 950 facta,
864 924 927 958 per
950 918 1056 947 totam
1082 920 1203 961 portae
1229 914 1495 961 longitudinem,
1522 928 1647 963 aquam
1675 915 1869 953 fontanam,
1896 915 1928 948 in
1954 926 2105 948 marmo-

573 976 611 998 ra
653 965 827 1002 coerulea‚
874 967 996 1002 viridia
1039 974 1072 1003 et
1110 969 1215 1004 rubra
1256 971 1420 1011 demittit,
1464 981 1500 1008 ut
1535 972 1725 1020 nudipedes
1759 972 1863 1019 pedes
1897 972 1943 1006 ibi
1980 972 2105 1006 lavent.

574 1023 695 1058 Omnis
723 1031 823 1072 porta
864 1026 997 1074 reliqua
1031 1042 1141 1077 usque
1164 1030 1207 1064 ad
1234 1033 1357 1066 atrium
1386 1033 1503 1080 templi
1534 1032 1577 1066 ab
1604 1030 1917 1066 Abu-Abd-Atlah
1942 1032 2106 1066 Muham-

573 1084 999 1121 med'ben-Abi-leaber
1044 1089 1302 1136 praedicatore,
1346 1105 1451 1139 quum
1494 1091 1602 1138 judex
1648 1089 1745 1124 urbis
1790 1097 1896 1129 esset,
1938 1103 2107 1124 marmore

573 1149 680 1178 strata
707 1151 777 1187 est,
806 1160 895 1193 quae
923 1152 1022 1181 autea
1047 1149 1187 1194 tegulis,
1220 1150 1374 1197 ejusdem
1401 1152 1538 1195 generis
1567 1163 1607 1184 ae
1635 1163 1712 1190 eae,
1737 1148 1865 1197 quibus
1890 1151 2013 1184 atrium
2054 1156 2107 1185 tc-

574 1202 683 1246 gitur,
705 1211 778 1238 erat
806 1207 946 1240 munita.
998 1207 1113 1256 Prope
1142 1215 1274 1255 portam
1307 1209 1514 1256 nudipedum
1541 1210 1720 1257 aquarium
1749 1214 1800 1243 est
1828 1209 2017 1255 oblongum
2043 1222 2108 1244 an-

573 1263 725 1311 tiquum,
757 1265 850 1312 quod
881 1265 925 1300 ab
967 1266 1250 1303 Abd-el-Meliko
1285 1269 1522 1303 vl-Muthass'ir
1553 1274 1784 1309 exstructum,
1827 1269 1995 1303 ablutioni
2026 1283 2108 1318 pre-

576 1326 726 1358 cantium
752 1326 912 1365 inservit,
939 1333 972 1361 et
994 1340 1035 1362 cx
1062 1341 1132 1376 quo
1158 1329 1293 1376 aquarii
1319 1341 1444 1376 aquam
1486 1326 1622 1361 utribus
1660 1325 1865 1369 hauriunt-³³3
1906 1329 2079 1376 superflua
2095 1329 2107 1347 ’ἦ

576 1393 657 1415 vero
692 1382 726 1414 in
760 1382 913 1417 canalem
945 1389 1041 1418 extra
1074 1398 1253 1432 aquarium
1286 1383 1425 1431 delapsa
1462 1397 1480 1418 a
1515 1384 1625 1418 servis
1675 1384 1859 1431 puerisque
1910 1384 2068 1421 hauritur
2088 1387 2106 1417 ⁷.

676 1439 734 1474 De
764 1442 1082 1487 praedicatoribus,
1128 1444 1188 1492 qni
1219 1445 1441 1491 reynanlibus
1468 1442 1726 1477 M1wahl1iditis
1751 1447 1783 1477 et
1810 1443 2002 1478 lllerinidis

1006 1503 1042 1536 in
1070 1502 1196 1549 templo
1224 1502 1468 1549 qairemmenst'
1490 1502 1752 1547 praedifflrnnt.

676 1556 822 1594 Primus.
850 1562 909 1607 qui
938 1574 956 1595 e
983 1568 1149 1607 suggestu
1178 1561 1438 1608 qaircvauensi‚
1467 1573 1568 1606 quem
1599 1558 1924 1593 Abu-Muhammcd
1952 1559 2108 1594 Abd-el·

574 1614 679 1663 Haqq
720 1616 970 1653 ben-Maisolia
1010 1618 1115 1666 qadhi
1150 1617 1348 1651 faciendum
1380 1623 1579 1657 curaverat,
1613 1617 1812 1650 concionem
1843 1617 1962 1651 habuit
1991 1616 2108 1664 publi-

574 1685 665 1715 cam,
700 1673 765 1708 suit
800 1676 1125 1712 Abu-Muhammed
1161 1676 1278 1710 Mehdi
1306 1675 1450 1709 ben-lsa
1488 1674 1627 1722 l'aqilius
1652 1675 1872 1722 praedicator
1902 1675 2109 1711 venerabilis

574 1737 606 1766 et
629 1732 825 1775 abstinens,
863 1749 932 1783 quo
970 1749 1070 1770 nemo
1103 1747 1216 1782 neque
1253 1734 1362 1768 forma
1389 1747 1429 1767 ac
1455 1733 1608 1768 moribus
1640 1734 1841 1768 venustior-‘³
1867 1742 1956 1773 erat,
1998 1749 2109 1784 neque

571 1790 689 1837 lingua
731 1794 913 1829 facundior
951 1808 1063 1843 neque
1102 1793 1320 1842 eloquentior
1355 1793 1512 1827 oratione
1581 1793 1694 1835 Quum
1722 1792 1855 1838 justitia
1893 1800 1926 1828 et
1960 1795 2110 1829 candore

572 1851 676 1885 animi
702 1853 916 1893 excelle-roff.
942 1853 1135 1888 cohortatio
1152 1851 1228 1898 ejus
1250 1851 1283 1883 in
1308 1851 1440 1884 animos
1469 1849 1679 1884 audientium
1707 1852 1909 1897 penetravit.
1962 1853 2109 1887 Veneris

574 1910 696 1945 diebus
734 1910 879 1956 singulis
916 1923 1013 1944 suam
1056 1910 1215 1944 recitavit
1255 1911 1455 1944 concionem
1498 1923 1634 1958 semper
1673 1910 1852 1945 diversam.
1919 1911 2107 1960 Postquam

574 1972 728 2020 quinque
760 1983 895 2005 menses
929 1969 976 2004 ibi
1008 1975 1081 2004 erat
1115 1969 1357 2010 concionatus,
1386 1969 1665 2009 Muvahliiditae,
1696 1969 1782 2006 urbe
1808 1971 1922 2017 potiti,
1961 1984 2036 2005 eum
2066 1972 2110 2007 de

574 2042 715 2067 munere
754 2029 989 2068 dimoverunt,
1029 2035 1062 2065 et
1101 2029 1358 2064 Abu-l-llasan
1393 2029 1579 2076 ben-Atija
1625 2030 1780 2077 t'aqihum
1819 2030 2047 2066 venerandum
2075 2039 2108 2066 et

574 2086 811 2130 benedictum,
835 2093 956 2135 utpote
980 2086 1039 2134 qui
1069 2085 1221 2129 linguam
1252 2084 1392 2120 calleret
1419 2084 1652 2125 bcrbcricam,
1679 2086 1712 2120 in
1741 2085 1853 2121 locum
1881 2087 1971 2120 illius
1999 2088 2107 2123 suffe-

577 2152 716 2189 cerunt3
745 2160 822 2181 nam
843 2146 1031 2187 neminem,
1055 2145 1120 2180 nisi
1143 2143 1301 2192 symbola
1328 2143 1509 2180 berbericc
1536 2145 1700 2179 memoria
1738 2150 1863 2184 teneat,
1891 2146 2105 2193 nequeima-

684 2245 704 2287 ¹)
726 2239 801 2278 'rib-Q
828 2254 864 2279 ut
890 2254 999 2294 postea
1024 2246 1091 2279 sola
1115 2246 1210 2279 lectio
1236 2258 1306 2279 vera
1333 2252 1389 2278 est.
1496 2243 1518 2286 2)
1542 2245 1633 2285 &4245
1658 2245 1688 2277 b.
1715 2246 1744 2277 h.
1772 2245 1902 2285 vim-1353
1932 2259 1957 2278 a.
1972 2259 2107 2294 semper,

581 2296 605 2337 3)
631 2302 738 2344 ,zu-22³
764 2299 795 2330 b.
819 2311 846 2332 c.
951 2296 976 2340 ⁴)
1002 2309 1028 2329 c.
1053 2310 1079 2330 e.
1104 2297 1186 2329 h.-
1299 2296 1323 2337 ⁵)
1351 2298 1457 2341 Q,
1485 2296 1515 2328 b.
1547 2298 1620 2339 με,
1648 2307 1674 2327 c.
1780 2293 1803 2335 6)
1832 2295 1920 2339 [μβ
1947 2298 1977 2329 b.
2008 2310 2032 2329 c.
2073 2300 2106 2331 d.

578 2356 671 2381 reme.
696 2347 774 2390 Legit:
800 2350 832 2382 h.
966 2347 990 2390 ⁷)
1017 2348 1123 2387 Q
1150 2360 1177 2381 c.
1202 2355 1252 2379 ω
1279 2347 1310 2380 d.
1347 2360 1374 2379 e.
1512 2344 1535 2386 Β)
1567 2364 1608 2387 0·
1631 2365 1661 2373 -
1685 2359 1710 2378 a.
1758 2346 1788 2378 b.
1921 2345 1945 2389 9)
1985 2348 2106 2387 {gasko-’5

580 2398 706 2440 mess,
728 2400 759 2431 h.
