2215 2979
1161 222 1434 252 —118—

521 320 718 368 reipublicae
747 319 946 353 ordinandae
976 330 1116 357 caussa,
1150 315 1315 351 substitit.
1384 317 1508 351 Castra
1546 315 1624 350 inde
1657 323 1814 352 moturus
1848 318 2063 362 Abu-Belus.

519 377 682 412 Jusut'um
710 376 968 410 bon<Taschfin
995 374 1185 423 patruelem
1214 373 1256 407 ad
1281 386 1317 408 se
1347 381 1506 409 vocatum
1535 374 1777 420 imperatorem
1805 375 1910 408 totius
1936 374 2065 409 Mauri-

520 437 619 470 tania:
648 435 778 468 creavit
801 440 834 467 ct
860 432 1004 467 arbitrio
1032 432 1108 479 ejus
1146 443 1290 475 regnum
1325 443 1424 465 suum
1454 431 1634 465 commisit.
1688 431 1905 466 Couventum
1936 439 2003 473 est,
2028 443 2067 471 ut

519 492 643 535 Jusuf,
669 491 712 525 ad
739 490 989 535 Mngliravam,
1017 488 1280 533 beni-Mrun¹‚
1309 490 1421 524 tribus
1458 489 1690 524 Berberorum
1718 497 1751 524 et
1778 492 1915 525 Zenzlta‘
1951 490 2067 525 debel-

520 550 658 592 landas,
689 557 933 585 reverteretur.
987 550 1169 597 Principes
1197 549 1473 589 Murabitorum,
1508 563 1613 597 quum
1642 563 1718 597 quae
1746 550 1779 582 in
1808 550 1936 584 Jusuto
1967 549 2069 583 inba-

521 611 680 647 bitabant
708 610 870 647 virtutes,
894 609 1023 655 optime
1050 615 1318 654 cognoscerent,
1359 609 1484 655 agendi
1520 610 1645 643 rationi
1674 609 1889 644 Abu-Bekri
1920 622 2069 643 consen-

521 675 650 704 serunt.
703 668 808 702 Jusut
838 667 927 700 enim
953 667 1100 714 pietate,
1128 667 1231 700 animi
1258 667 1479 706 excellentia,
1508 666 1730 706 tortitudine,
1758 673 1870 702 mente
1887 673 2070 701 constante

522 736 556 766 et
582 731 736 764 animosa
765 727 942 764 excelluit,
979 740 1091 774 neque
1127 725 1292 773 justitiae,
1328 728 1564 773 temperantiae
1600 727 1761 774 firmique
1788 726 2071 766 eonsilii²lamte‚

523 800 586 823 nec
610 787 722 821 felicis
749 786 878 831 ingenii
909 785 1066 818 acumine
1094 785 1215 818 caruit.
1283 786 1349 819 llic
1385 785 1492 831 igitur
1527 797 1604 818 cum
1640 784 1781 818 dimidio
1815 784 2071 819 Murabitorum

524 848 678 884 exercitu
703 845 944 880 Mauritaniam
974 845 1089 891 petiit,
1122 843 1320 878 Abu-Beki·
1355 850 1468 878 autem
1504 843 1703 878 ben-(tmar
1731 850 1863 878 ceteras
1891 845 2009 891 copias
2036 844 2072 877 in

524 906 698 941 desertum
736 903 855 940 duxit,
897 915 1012 936 mense
1038 901 1273 944 Dhu-l-Qada
1301 915 1391 937 anno
1418 905 1489 935 455
1519 901 1655 948 (coepit
1682 899 1736 935 die
1761 905 1808 935 23
1836 902 1914 936 Jan.
1946 905 2072 946 1061).

526 965 659 1000 Deinde
686 963 814 998 Zeineb
840 975 981 996 uxorem
1019 961 1117 996 duxit
1151 962 1262 996 Jusut'
1286 968 1318 996 et
1352 976 1389 997 ea
1419 976 1562 1008 regnum
1599 960 1854 996 administravit
1884 972 2074 1008 omnesque

526 1037 581 1059 res
612 1021 844 1069 pulcherrima
871 1019 1088 1065 gubernandi
1116 1020 1250 1053 ratione
1279 1020 1324 1053 ita
1353 1020 1395 1053 ad
1423 1026 1565 1054 mortem
1598 1030 1725 1065 usquc,
1755 1032 1845 1052 anno
1873 1021 1946 1052 464
1972 1020 2075 1062 (coc-

526 1082 579 1130 pit
605 1081 659 1115 die
679 1084 726 1114 ⁶28
753 1080 846 1126 Sept.
871 1081 1007 1123 1071),
1035 1077 1172 1124 gessit³,
1200 1084 1238 1112 ut
1266 1077 1377 1125 major
1401 1077 1618 1112 Mauritaniae
1646 1090 1727 1124 pars
1764 1078 1928 1126 potestati
1958 1075 2074 1111 Jusufi

528 1139 772 1188 subjiceretur.

629 1196 829 1233 Abu-Beltr
857 1197 995 1231 Emirns
1021 1197 1053 1230 in
1083 1195 1257 1230 desertum
1298 1195 1496 1243 protectus,
1524 1194 1810 1242 tranquillitatem
1842 1200 1943 1229 terrae
1976 1195 2076 1229 resti-

530 1257 594 1291 tuit
622 1263 656 1291 et
681 1270 736 1291 res
761 1270 881 1292 omnes
922 1259 956 1291 in
1001 1257 1130 1292 bonum
1161 1257 1295 1301 redegit
1322 1255 1487 1290 ordinem.
1540 1254 1662 1288 Multis
1700 1253 1809 1300 copiis
1848 1253 2075 1299 conscriptis,

530 1318 654 1353 deinde
682 1319 841 1363 regiones
875 1318 1091 1363 Nigritarum
1122 1327 1327 1361 aggressus,
1364 1327 1403 1348 ea
1439 1314 1578 1347 fortuna
1609 1325 1694 1346 usus
1723 1318 1793 1354 est,
1823 1318 1860 1345 ut
1888 1318 2014 1347 terram
2041 1313 2076 1346 in

530 1378 634 1411 trium
664 1376 832 1409 mensium
870 1374 1002 1407 itineris
1044 1372 1294 1417 longitudinem
1323 1376 1518 1417 porrectam
1553 1369 1651 1403 brevi
1683 1376 1880 1415 occuparet.
1940 1371 2075 1404 Interea

530 1431 641 1467 ,lusus
663 1428 943 1466 lmn-Tasehfin,
972 1429 1120 1462 maxima
1147 1429 1364 1462 ⁴Mauritania·¹
1394 1433 1490 1473 parte
1517 1431 1732 1474 expugnata,
1765 1426 1945 1472 imperium
1976 1438 2077 1459 suum

531 1491 579 1526 ibi
608 1490 833 1525 stabiliverat.
885 1489 969 1530 Quae
997 1501 1103 1536 quum
1134 1487 1324 1522 audivisset
1348 1486 1563 1527 Abu-Bekr,
1591 1487 1786 1520 vastitatem
1814 1486 1965 1533 imperii,
1982 1484 2078 1533 quod

532 1551 599 1586 sibi
627 1555 809 1598 paraverat
835 1549 946 1582 Jusut'
972 1549 1006 1582 iu
1043 1548 1278 1587 Mamitanim,
1314 1552 1406 1580 metu
1440 1546 1676 1593 conspiciens,
1712 1558 1730 1579 e
1762 1544 1900 1579 deserto
1941 1546 2078 1586 exiens,

532 1617 571 1646 ut
594 1610 757 1644 Jusut'um
786 1621 827 1642 ex
853 1608 998 1655 imperio
1029 1607 1166 1640 tolleret
1195 1607 1369 1652 aliumque
1396 1606 1430 1638 in
1458 1604 1534 1651 ejus
1564 1603 1677 1637 locum
1709 1602 1902 1645 sufficeret,
1934 1604 2079 1651 propius

533 1670 691 1705 accessit.
744 1668 851 1701 Fama
878 1679 961 1700 vero
989 1665 1160 1700 adventus
1187 1664 1393 1698 Abu-uelud
1419 1676 1498 1697 mox
1522 1661 1564 1696 ad
1591 1662 1756 1696 Jusufum
1784 1661 1915 1709 perlata
1944 1668 2012 1702 est,
2046 1668 2081 1697 ct

534 1726 678 1761 consilio
707 1724 749 1758 de
779 1737 818 1758 ea
845 1737 883 1758 re
909 1737 986 1758 eum
1015 1736 1123 1757 uxore
1148 1721 1287 1765 habito,
1327 1734 1366 1756 ea
1405 1719 1496 1754 hane
1532 1720 1621 1753 viam
1648 1718 1908 1765 ingrediendam
1936 1719 2080 1754 censuit.

533 1785 749 1822 ''Patruelem
765 1791 891 1821 tuum··‚
920 1784 1044 1831 inquit,
1069 1782 1263 1816 ”homiuem
1285 1779 1434 1829 probum
1467 1780 1629 1827 mitisque
1655 1779 1785 1824 ingenii
1810 1783 1843 1812 et
1869 1791 1888 1812 a
1912 1779 2081 1823 sanguIne

535 1845 745 1883 effundendo
776 1845 921 1878 maxime
948 1842 1193 1877 abhorrentem
1218 1854 1312 1883 esse,
1340 1841 1470 1887 optime
1486 1839 1548 1874 tihi
1574 1846 1693 1872 notum
1722 1843 1784 1872 est.
1836 1838 1949 1879 Quum
1976 1837 2081 1882 igitur

534 1907 672 1943 obviam
700 1906 730 1940 ei
757 1905 877 1943 iveris,
905 1903 1053 1950 primum
1082 1902 1234 1937 omnium
1262 1899 1409 1934 honoris
1436 1905 1470 1933 ct
1497 1897 1739 1932 submissionis
1766 1897 1886 1932 omitte
1911 1898 2079 1944 speciem,

536 1967 592 2001 cui
615 1971 694 2000 ante
719 1963 823 1998 suerit
849 1962 1024 1997 adsuetus.
1077 1961 1166 2004 Sed,
1207 1959 1307 2008 quasi
1345 1958 1422 2005 ejus
1455 1957 1598 2005 aequalis
1633 1956 1687 1991 vel
1724 1955 1943 1990 adversarius
1970 1967 2080 1994 esses,

537 2031 571 2060 te
595 2025 710 2073 potius
736 2030 973 2058 contumacem
999 2021 1166 2070 praebeas.
1219 2009 1452 2053 'Nihilominus
1476 2023 1590 2051 tamen
1621 2015 1822 2050 muneribus
1856 2015 1942 2048 varii
1969 2025 2077 2060 gene-

537 2087 604 2126 ris,
631 2084 722 2118 sicut
748 2081 950 2130 pecoribus,
976 2081 1108 2130 palliis,
1137 2078 1310 2120 vestibus,
1337 2075 1497 2112 edulibus
1526 2081 1560 2111 et
1585 2075 1742 2110 tentoriis
1758 2072 1941 2108 coriaceis*
1967 2078 2080 2106 tecum

538 2143 672 2186 allatis,
712 2140 926 2176 comitatem⁵
953 2153 1035 2187 erga
1059 2153 1136 2174 eum
1164 2143 1358 2173 monstrare
1385 2134 1479 2169 haud
1506 2147 1524 2168 a
1552 2147 1589 2169 re
1616 2134 1691 2168 erit.
1744 2133 1828 2168 llaec
1852 2132 1941 2166 enim
1964 2130 2077 2164 omnia

538 2202 663 2236 summi
687 2200 744 2235 ille
766 2198 968 2239 aestimabit,
996 2205 1118 2246 utpote
1147 2199 1207 2247 qui
1235 2196 1339 2229 vitam
1368 2195 1402 2228 in
1428 2193 1566 2228 deserto
1593 2198 1692 2238 agat,
1719 2190 1780 2226 uhi
1808 2200 2032 2238 quaecumque
2059 2200 2079 2222 a

538 2258 640 2294 uobis
664 2257 866 2292 advenerint
894 2270 967 2301 res,
1000 2270 1086 2291 rarae
1116 2263 1149 2292 et
1183 2267 1271 2291 carae
1308 2252 1505 2287 necessario
1538 2248 1763 2285 habeantur.''
1816 2244 1969 2282 Consilio
1997 2244 2077 2278 Zei-

649 2357 669 2399 1)
695 2359 785 2401 Q>
810 2378 842 2384 ·
868 2377 903 2384 ·-·
924 2367 992 2403 <52:³9
1011 2377 1050 2385 -
1067 2371 1094 2391 e.
1223 2355 1246 2397 ²²)
1271 2354 1324 2402 δὶς)
1352 2351 1438 2397 ³¹3⁶&
1465 2353 1497 2386 b·
1604 2348 1628 2393 3)
1652 2348 1771 2391 ’δᾶ-θῶς.)
1785 2358 1813 2384 ⁰⁰
1917 2345 1941 2386 ⁴)
1964 2343 2078 2394 Q5:4³2

556 2421 577 2440 u
607 2421 633 2441 a.
663 2409 760 2441 modo
786 2415 896 2442 exstat.
1002 2409 1027 2452 ⁵)
1050 2412 1101 2454 ᾡς
1133 2407 1246 2451 viv-1³3>
1271 2418 1300 2443 0·
1326 2404 1358 2437 d·
