2215 2979
755 225 1003 257 —19-

212 324 347 358 Interea
376 322 526 371 populus
552 322 782 357 Mauritaniae
809 322 920 357 Idriso
946 321 1119 356 ben-Idris
1154 322 1267 368 paruit
1295 327 1328 356 et
1355 321 1498 369 imperio
1526 321 1648 356 contir-

228 383 234 401 1

112 389 204 417 mato
239 409 247 421 ‚
287 383 511 429 potentiaque
551 383 670 421 aucta,
727 383 898 415 exereitus
937 387 970 415 et
1010 380 1162 415 asseclae
1203 386 1405 421 creverunt,
1447 380 1570 415 milites
1611 394 1651 414 ae

113 439 257 475 clientes
287 452 428 473 numero
457 439 548 473 aucti
579 444 670 472 sunt.
737 439 859 484 Legati
888 452 1027 487 quoqne
1054 452 1095 473 ex
1135 439 1271 485 oppidis
1309 439 1522 473 advenerunt
1551 444 1583 472 et
1609 452 1650 472 ex

1529 498 1541 515 ²
1572 497 1650 530 anni

112 497 274 533 omnibus
291 498 426 532 viciniis
442 511 482 532 ac
495 497 580 532 locis
596 497 729 531 adeum
749 504 974 533 accurrerunt
992 498 1273 545 frequentissimi.
1327 497 1509 544 Reliquam

116 561 198 597 188,
227 570 297 605 quo
325 569 468 601 regnum
500 562 718 602 susceperat.
749 563 881 603 partem
909 556 965 591 liic
994 556 1170 594 substitit,
1214 563 1249 589 ut
1281 555 1409 589 divitiis
1437 554 1651 590 distribuen-

113 615 183 655 dis,
210 621 243 649 ct
270 614 369 648 donis
394 614 579 660 largiendis
601 614 612 632 ³
646 615 758 660 capita
787 616 940 659 gentium
969 622 1001 649 et
1033 616 1206 662 principes
1235 614 1299 648 sibi
1334 616 1463 649 arctius
1479 615 1651 661 jungeret.

113 676 216 708 Anno
250 677 319 707 189
348 674 482 720 [eoepit
511 673 565 707 die
591 677 610 706 7
642 673 722 706 Dec.
754 675 846 719 804]
876 673 1001 717 legatio
1027 674 1183 708 Arabum
1213 674 1356 708 Africae
1387 680 1420 708 et
1447 674 1651 720 Hispaniae,

113 733 382 780 quingentorum
425 732 498 766 sere
524 733 677 779 equitum
711 731 902 766 etribubus
927 733 1008 775 Qeis
1027 733 1059 773 ⁴,
1103 733 1262 776 El-Azd,
1293 732 1458 778 Medbadj
1479 734 1511 775 ⁵,
1555 733 1650 767 Benu

113 790 262 829 Jalmab,
293 790 333 824 El
353 790 471 824 Sadf⁶
517 790 560 824 al.
588 790 629 824 ad
656 790 804 824 Idrisum
834 792 946 833 venit,
988 792 1045 838 qui
1095 791 1244 825 adventu
1263 792 1275 809 ⁷
1324 791 1494 838 ejusmodi
1542 791 1651 825 laetus

113 862 173 884 eos
201 849 300 884 donis
333 849 524 883 cumulatos
562 850 696 884 eximiis
732 855 767 883 ct
805 849 996 884 bonoribus
1034 851 1193 889 summis,
1232 849 1395 884 Rei-beris
1422 850 1651 897 posthabitis.

113 908 180 943 sibi
210 909 354 956 propius
382 907 536 942 admovit
562 915 595 942 et
622 909 671 941 sic
697 908 770 954 ipse
798 921 915 942 eorum
946 923 1011 956 ope
1039 909 1213 957 potentior
1231 910 1339 942 evasit
1357 909 1381 941 ⁸.
1433 908 1535 942 Solus
1563 910 1652 942 enim

113 966 228 1001 adhuc
255 968 344 1001 inter
374 966 547 1000 Berberos
575 967 648 1001 sine
677 966 746 1000 ulto
773 980 849 1000 cum
878 967 1054 1001 Arabibus
1100 968 1305 1001 commercio
1346 968 1489 1001 vixerat.
1531 968 1652 1002 01ηοί-

115 1038 190 1060 rum
219 1026 325 1070 igitur
350 1024 565 1059 ben—Masal)
592 1025 771 1066 Azditam,
804 1026 862 1072 qui
889 1027 977 1059 inter
1005 1027 1137 1073 equites
1165 1025 1301 1060 Arabes
1329 1032 1361 1060 et
1390 1039 1479 1060 unus
1505 1039 1523 1059 e
1552 1025 1652 1059 duci-

114 1083 180 1118 bus
205 1097 322 1118 eorum
341 1085 353 1102 ⁹
385 1084 516 1125 fuerat,
542 1085 693 1118 vezirum
735 1085 872 1118 creavit.
925 1084 1047 1118 Masab
1095 1091 1192 1131 pater
1218 1084 1323 1131 hujus
1350 1091 1383 1119 et
1409 1085 1444 1118 in
1470 1084 1591 1118 Africa
1620 1089 1653 1118 et

114 1144 149 1176 in
171 1143 337 1190 Hispania
356 1142 444 1176 laeta
468 1142 622 1177 ediderat
648 1142 826 1190 praeclara
849 1145 880 1161 ¹⁰

885 1168 893 1184 a
910 1143 1120 1191 proeliisque
1135 1144 1300 1178 adversus
1321 1143 1534 1177 Christianos
1559 1142 1651 1176 baud

114 1202 235 1248 paucis
272 1200 490 1234 inclaruerat.
550 1201 601 1234 Ex
630 1201 749 1235 iisdem
779 1201 943 1249 qadbium
980 1215 1120 1249 quoque
1148 1216 1246 1236 suum
1276 1201 1652 1237 Amerben-Muham-

115 1260 191 1295 med
208 1259 380 1294 ben-Said
429 1260 595 1302 Qeisitam
649 1274 667 1293 e
707 1261 788 1302 Qeis
828 1260 976 1294 Ghailan
1013 1260 1196 1294 oriundum
1229 1261 1349 1306 elegit,
1390 1262 1448 1308 qui
1477 1262 1529 1294 vir
1556 1261 1652 1307 pius,

114 1319 363 1366 temperanti:oe
392 1318 492 1352 laude
524 1325 556 1352 et
582 1318 671 1366 juris
699 1319 820 1366 peritia
850 1318 1014 1359 celebris,
1049 1319 1219 1353 Malecum
1256 1325 1289 1353 et
1315 1320 1497 1366 Sufjanum
1527 1319 1652 1354 'l'haw-

115 1390 249 1412 rensem
290 1376 485 1415 audiverat,
528 1390 546 1411 a
578 1377 705 1425 quibus
730 1377 758 1394 ¹¹

800 1378 903 1411 multa
944 1377 1134 1425 prophetae
1170 1377 1260 1412 dicta
1300 1385 1438 1412 narrata
1468 1378 1651 1412 referebat.

114 1436 241 1470 Postea
273 1435 353 1469 belli
381 1437 472 1470 sacri
499 1436 641 1481 gerendi
671 1450 791 1470 caussa
816 1437 850 1470 in
878 1437 1078 1483 Hispaniam
1107 1436 1309 1483 trajecerat,
1337 1436 1428 1470 unde
1458 1437 1490 1470 in
1518 1437 1651 1470 Mauri-

114 1495 242 1529 taniam
271 1507 429 1528 reversus
457 1494 661 1540 legationem
686 1495 778 1529 illam
807 1494 964 1529 Arabum
1004 1495 1045 1529 ad
1082 1495 1227 1529 Idrisum
1258 1501 1397 1529 secutus
1427 1501 1488 1529 est.
1542 1495 1651 1540 Lega—

116 1552 270 1587 tionibus
297 1552 452 1586 Arabum
483 1553 785 1601 Berberorumque
813 1568 853 1588 ex
882 1553 1041 1588 omnibus
1067 1559 1135 1588 oris
1154 1553 1432 1595 adventantibus,
1460 1553 1545 1588 adeo
1573 1567 1651 1589 cre-

116 1612 167 1645 vit
195 1612 319 1645 civium
349 1624 531 1655 numerus,
577 1618 613 1645 ut
641 1612 724 1646 urbs
762 1613 874 1646 Volua
916 1626 973 1647 eos
1005 1627 1127 1660 capere
1166 1626 1234 1647 non
1261 1618 1389 1659 posset.
1456 1613 1546 1646 Idi-is
1573 1613 1650 1648 idco

117 1681 172 1703 res
200 1682 280 1703 suas
310 1669 443 1709 lii-mas,
471 1671 651 1717 imperium
681 1678 819 1705 auctum
849 1678 881 1705 et
909 1673 1026 1718 copias
1054 1678 1165 1706 tantas
1191 1672 1331 1714 videns,
1360 1678 1397 1705 nt
1421 1671 1506 1705 urbs
1537 1672 1651 1706 Velila

116 1728 159 1761 iis
187 1728 286 1761 nimis
314 1735 404 1762 esset
436 1735 600 1773 angusta,
627 1731 815 1768 constituit,
844 1736 891 1769 ut,
919 1731 1089 1765 domicilio
1117 1730 1257 1767 mutato,
1285 1729 1407 1764 urbem
1441 1730 1520 1771 sihi,
1548 1731 1651 1765 sami-

116 1785 182 1820 liae
209 1787 334 1830 regiae,
363 1786 527 1820 militibus
553 1794 585 1821 et
613 1788 732 1834 primis
759 1790 891 1837 imperii
932 1790 1012 1822 viris
1052 1789 1272 1823 habitandam
1301 1789 1475 1823 conderet.
1528 1790 1652 1838 Itaque

117 1857 208 1879 anno
237 1848 305 1879 190
341 1845 475 1892 [coepit
502 1844 556 1880 die
580 1849 627 1879 2ss
657 1847 744 1880 Nov.
773 1849 865 1893 883]
909 1847 1135 1882 familiaribus
1178 1847 1384 1896 quibusdam
1414 1861 1431 1882 e
1459 1854 1561 1893 gente
1589 1862 1651 1883 sua

116 1903 284 1951 regnique
311 1903 514 1951 proceribus
543 1904 736 1944 comitibus,
779 1920 867 1953 equo
907 1920 1111 1944 conscenso,
1139 1920 1295 1954 eampum
1323 1906 1496 1941 electurus
1537 1908 1650 1954 profe⁷

117 1967 194 1996 ctus
223 1968 283 1996 est.
337 1964 449 2004 Quum
480 1962 523 1996 ad
551 1970 698 1997 montem
727 1965 849 2011 Zaligh
873 1966 903 1983 ¹²
942 1971 1078 1999 venium
1104 1972 1210 2005 esset,
1235 1966 1336 2008 Idris,
1376 1965 1445 2000 loci
1473 1966 1652 2001 excelsita-

115 2026 166 2057 te,
194 2020 372 2055 fertilitate
399 2020 540 2067 glebae,
575 2023 660 2057 coeli
690 2024 817 2070 optima
844 2025 1024 2071 temperhe,
1051 2037 1260 2073 numeroque
1287 2038 1449 2060 arvorum
1479 2025 1651 2060 cultorum

116 2083 250 2125 captus,
275 2079 309 2112 in
340 2079 473 2114 declivo
498 2080 596 2123 colle,
621 2081 776 2128 planitiei
795 2083 826 2101 ¹³
858 2083 1072 2130 propinquo,
1110 2083 1231 2118 urbem
1258 2084 1473 2130 designatam
1501 2084 1651 2119 condere

114 2138 240 2184 coepit.
291 2140 339 2172 At
367 2145 465 2185 parte
501 2145 634 2174 tantum
659 2140 774 2188 aliqua
802 2142 889 2175 muri
917 2141 1112 2185 aedificata,
1156 2149 1258 2178 noete
1287 2143 1437 2191 quadam
1466 2149 1603 2177 torrens
1633 2157 1651 2178 e

115 2189 245 2223 vertice
272 2190 398 2223 montis
426 2190 581 2229 irruens,
609 2204 743 2225 murum
773 2191 846 2239 jam
881 2198 1092 2227 exstructum
1126 2195 1249 2229 evertit
1292 2200 1326 2229 et
1352 2192 1509 2228 Arabum
1526 2219 1535 2236 ,
1562 2207 1652 2242 quae

221 2288 242 2330 1)
268 2289 375 2338 (5⁸29,
409 2292 440 2322 b.
467 2292 489 2323 f.
593 2293 620 2333 2)
646 2301 724 2333 μήθ
748 2293 778 2325 b.
883 2293 909 2334 ³)
941 2293 1030 2337 οὑξ)
1064 2295 1094 2327 d.
1126 2295 1148 2327 f.
1252 2298 1284 2337 ⁴)
1320 2295 1442 2334 affuit
1488 2297 1519 2328 h.
1624 2299 1652 2337 ⁵)

115 2339 275 2383 Madeja
304 2341 347 2372 M.
378 2342 585 2375 Medlesch
616 2344 652 2375 D.
758 2343 1039 2391 ⁶)Almasedaq
1063 2347 1099 2378 D.
1201 2347 1229 2388 ⁷)
1256 2332 1364 2390 90⁶5,ss
1379 2359 1405 2378 c.
1487 2346 1513 2387 ⁸)
1543 2344 1652 2396 ffb

113 2391 200 2435 gub.
304 2390 330 2431 ⁹)
359 2390 486 2434 ψῑὸὶη,
515 2407 541 2425 a.
651 2393 698 2435 ¹0)
719 2394 778 2440 5320
804 2406 830 2426 a.
859 2396 890 2427 b.
911 2407 936 2427 c.
973 2396 994 2428 s.
1033 2400 1158 2431 rectius.
1267 2401 1320 2440 ¹¹)
1363 2397 1447 2440 L0÷22
1481 2399 1511 2430 b.
1563 2410 1589 2429 c.
1629 2398 1650 2429 f.

121 2441 170 2482 ⁴²)
195 2440 272 2492 ἔβα
298 2443 329 2475 b.
357 2456 491 2488 semper.
519 2444 635 2490 Zelag
663 2446 699 2477 D.
809 2445 856 2487 13)
884 2439 965 2493 055„ss
990 2446 1021 2479 d.
