2215 2979
1227 195 1503 226 —284—

586 298 687 328 nocte
714 291 781 326 diei
810 289 930 324 Martis
969 289 1039 323 12τί
1076 287 1271 327 Βοῖιῖιὶκὶηἰ,
1306 296 1439 325 cometa
1473 291 1653 338 apparuit,
1690 304 1766 339 quae
1798 299 1917 340 postea
1944 294 2016 331 fere
2042 296 2127 331 dnos

584 361 720 385 menses
760 361 899 396 quaque
939 353 1041 382 nocte
1073 360 1185 395 usque
1216 346 1264 382 ‘ad
1305 361 1439 383 aurorae
1478 355 1615 397 tempus
1650 351 1939 397 conspiciebatur.
1998 355 2128 390 Eodem

585 420 675 444 auno
700 408 808 441 Amei-
837 404 1043 440 ben-ldris1
1068 419 1175 454 eques
1215 406 1360 441 illustris
1393 420 1470 441 cum
1500 414 1612 442 turma
1642 409 1885 444 Merinidarum
1914 418 1946 446 et
1973 414 2129 449 volunta-

584 466 732 504 riorum,
757 464 835 511 plus
862 466 961 497 5000
990 463 1165 510 equitum,
1197 463 1230 497 in
1260 464 1465 512 Hispaniam
1494 464 1576 499 belli
1601 466 1692 499 sacri
1719 466 1861 511 gerendi
1884 480 2005 502 caussa
2030 470 2130 517 traji-

585 522 695 563 ciens,
721 521 764 556 ab
788 521 1024 556 Abu-Jusufo
1050 522 1213 556 vexillum
1240 523 1484 563 victoriosum,
1514 536 1606 557 arma
1636 529 1669 557 et
1689 537 1796 571 equos
1824 526 1963 572 recepit.
2016 527 2130 573 Impe-

584 587 680 617 rator
719 579 966 613 Muslemorum
1005 579 1118 612 omnia
1151 579 1265 613 fausta
1301 585 1511 628 apprecatus
1556 580 1690 625 [205]
1729 580 1771 613 iis
1815 580 1891 614 vale
1918 579 2015 616 dixit.
2067 583 2131 616 llic

584 639 718 688 primus
741 637 808 671 fuit
836 634 1158 670 Muvahhiditarum
1186 638 1359 671 exercitus
1390 637 1425 670 iu
1453 636 1658 683 Hispaniam
1686 636 1875 683 profectus.

685 697 789 730 Anno
827 697 900 728 662
939 693 1145 728 Abu-l-Ala
1180 694 1271 728 ldris
1307 693 1701 737 ben-Abi—Qureisch2,
1738 695 1797 742 qui
1832 695 1970 728 nomine
2003 694 2133 729 Musle-

585 767 719 790 morum
747 752 965 801 imperatoris
992 752 1211 787 Mauritaniae
1248 759 1412 799 praeerat,
1449 759 1605 787 mortuus
1634 758 1696 787 est.
1724 772 1773 777 ——
1801 753 1904 787 Anno
1929 755 2002 786 665
2030 754 2133 797 (coc-

584 814 638 861 pit
663 812 718 847 die
744 815 791 846 25
821 812 899 846 Oct.
930 814 1045 855 1264)
1076 811 1202 846 el-Azli
1235 812 1393 861 faqihus,
1429 812 1544 847 Schtae
1570 825 1651 854 rcx,
1687 822 1793 844 naves
1822 824 1921 853 suas,
1954 816 1992 845 ut
2019 822 2134 845 muros

585 871 712 907 Asiloe³
739 878 773 906 et
799 884 914 906 arcem
941 871 1135 911 diruerent,
1162 872 1263 906 misit.
1316 872 1441 906 Metuit
1475 872 1584 915 enim,
1613 883 1656 905 nc
1686 868 1811 912 hostis,
1842 868 1970 917 oppido
1998 868 2134 903 deserto

586 932 736 979 potitus,
764 930 812 964 ibi
838 944 914 965 sese
941 931 1179 967 communiret.
1233 931 1364 966 Eodem
1400 944 1490 965 anno
1522 931 1711 977 imperator
1737 928 2005 968 Muslemorum,
2033 940 2133 973 agros

586 989 846 1024 Murreleoschae
874 989 1099 1037 depasturus,
1136 990 1390 1037 expeditionem
1417 990 1582 1037 suscepit.
1639 989 1753 1031 Quum
1786 1000 1854 1021 non
1895 986 2017 1034 procul
2056 985 2134 1020 inde

588 1048 745 1092 abesset,
771 1047 927 1091 Arabes,
962 1049 1021 1096 qui
1048 1050 1082 1082 in
1111 1048 1175 1083 hac
1211 1050 1389 1096 provincia
1425 1047 1647 1086 habitabant,
1679 1047 1842 1093 potestati
1870 1045 1945 1093 ejus
1975 1058 2012 1079 se
2049 1044 2134 1078 sub-

586 1107 756 1154 jecerunt.
811 1108 1002 1155 Postquam
1030 1108 1154 1142 Fesam
1182 1121 1361 1149 reversus,
1396 1106 1444 1141 ibi
1476 1107 1551 1140 lixit
1580 1105 1809 1146 domicilium,
1838 1103 1898 1138 Sid
1929 1102 2135 1138 Abu-Dab-

587 1166 672 1203 bus,
703 1165 773 1200 dux
802 1167 974 1200 exercitus
999 1166 1259 1204 el-Murihcdii,
1291 1180 1408 1215 quum,
1436 1165 1527 1213 apud
1545 1165 1637 1199 hune
1663 1177 1681 1198 a
1710 1162 2016 1197 calumniatoribus
2044 1175 2135 1196 com—

588 1226 709 1260 mercii
733 1225 926 1259 litterarum
955 1237 1031 1258 cum
1058 1226 1236 1259 Mei-inidis
1265 1231 1467 1265 aecusatus,
1497 1225 1529 1258 in
1556 1222 1693 1257 vincula
1722 1222 1972 1269 conjiceretur,
2000 1221 2137 1266 fugiens

589 1284 713 1318 Fesum
741 1283 784 1317 ad
809 1283 1078 1318 Abu-Jususum
1107 1297 1143 1318 se
1168 1284 1331 1323 eontulit,
1361 1284 1421 1331 qui
1444 1297 1538 1321 eum,
1566 1281 1915 1315 honorificentissime
1940 1286 2136 1327 receptum5

589 1343 632 1377 de
656 1355 778 1376 caussa
804 1342 992 1376 adventu&
1018 1343 1255 1387 interrogavit.
1299 1342 1458 1376 ’'Ca-dem
1491 1341 1658 1384 evitans'',
1685 1338 1879 1387 respondit,
1907 1338 1970 1372 ”ad
1997 1344 2031 1372 te
2055 1350 2136 1384 pro-

590 1406 755 1435 tectorem
785 1402 882 1441 veni,
915 1406 953 1434 ut
979 1400 1062 1434 mihi
1095 1400 1207 1439 adsis,
1246 1407 1297 1442 ct,
1329 1401 1438 1448 copiis
1468 1398 1737 1440 Meriuidarum,
1772 1396 1926 1436 vexillis,
1961 1397 2135 1444 tympanis

590 1460 817 1507 pecuniisque
844 1460 1049 1493 necessariis
1076 1459 1182 1497 datis,
1210 1459 1377 1493 adversus
1406 1459 1540 1493 hostem
1568 1471 1622 1492 me
1649 1455 1804 1503 adjuves.
1859 1455 1960 1498 Quod
1987 1456 2016 1489 si
2040 1455 2136 1490 tecc-

589 1520 655 1555 ris,
683 1517 968 1552 Murrelzoscham
997 1531 1197 1565 expugnare
1223 1518 1378 1565 spondeo
1408 1531 1447 1552 ca
1476 1515 1691 1553 conditione,
1718 1520 1756 1549 ut
1784 1519 1892 1560 captae
1919 1527 2002 1561 pars
2028 1514 2135 1548 altera

591 1577 674 1611 mihi
703 1577 765 1615 sit,
793 1575 900 1610 altera
934 1575 1027 1610 tibi.'’
1080 1577 1273 1623 Imperator
1297 1576 1543 1610 Muslemorum
1577 1574 1749 1619 rogationi
1784 1585 1958 1610 annuens,
1998 1571 2136 1606 foedere

590 1637 678 1675 icto,
703 1634 902 1681 juramento
927 1635 1133 1682 interposito
1160 1635 1365 1679 gravissimo
1389 1640 1423 1669 et
1450 1633 1631 1681 promissis
1659 1632 1887 1667 sanctissimis
1916 1630 2136 1667 confirmato,

591 1694 780 1729 exercitum
810 1696 919 1731 5:000
943 1693 1185 1727 Zenatensium
1221 1706 1287 1726 una
1320 1706 1397 1727 cum
1428 1692 1620 1741 tympanis,
1660 1691 1787 1737 signis,
1823 1690 1939 1738 equis,
1973 1690 2076 1724 armis
2103 1696 2138 1724 et

590 1752 737 1800 pecunia
763 1751 878 1785 itineri
907 1752 1102 1785 neccssaria
1131 1751 1160 1785 ci
1189 1751 1331 1785 tradidit
1360 1757 1412 1794 et,
1441 1750 1543 1785 simul
1570 1750 1695 1784 litteris
1723 1748 1765 1783 ad
1796 1748 1953 1783 Arabum
1977 1761 2018 1782 ac
2045 1748 2137 1783 lles-

590 1812 684 1846 kurae
710 1809 823 1844 tribus
860 1808 969 1851 datis,
1003 1816 1041 1844 ut
1072 1810 1200 1844 auxilio
1231 1811 1261 1845 ci
1299 1817 1432 1850 essent,
1462 1809 1538 1843 vale
1570 1808 1666 1843 dixit.
1717 1807 1989 1851 Abu-Damus,
2017 1807 2052 1840 in
2080 1820 2138 1842 re-

590 1870 727 1916 gionem
754 1868 923 1903 Heslaurae
951 1869 1150 1917 profectus,
1177 1869 1234 1904 hic
1262 1869 1448 1911 s11{)stitit⁵‚
1477 1874 1522 1911 et,
1551 1867 1593 1902 ad
1610 1868 1738 1901 amicos
1766 1880 1848 1901 suos
1877 1864 2135 1901 Murrelzoschae

591 1928 750 1975 scripsit,
777 1940 836 1962 eos
861 1926 903 1961 de
932 1927 1083 1963 adventu
1111 1941 1173 1962 suo
1202 1929 1367 1963 certiores
1401 1928 1557 1962 facturus
1585 1932 1637 1969 et,
1671 1932 1710 1960 ut
1737 1931 1865 1960 statum
1891 1925 1988 1960 urbis
2016 1925 2135 1971 regni-

591 1999 660 2035 que
688 1986 756 2020 sibi
783 1985 995 2029 indicarent,
1027 1988 1211 2035 petiturus.
1265 1986 1475 2025 ”Accedas'',
1506 1985 1778 2034 responderunt3
1806 1985 1906 2018 ”nam
1935 1985 2028 2019 cives
2056 1989 2136 2017 sunt

591 2045 706 2081 securi
740 2050 773 2079 et
810 2045 935 2079 milites
968 2046 1002 2079 in
1034 2046 1172 2080 ultimas
1203 2047 1402 2093 provincias
1442 2045 1601 2094 dispersi.
1658 2044 1734 2078 llae
1768 2042 2003 2091 pulchriorem
2034 2055 2134 2076 num-

593 2117 698 2153 quam
731 2104 885 2139 invenics
921 2104 1187 2140 occasionem.''⁶
1240 2106 1364 2153 Itaque
1396 2105 1461 2140 iter
1494 2103 1709 2147 accelerans,
1742 2115 1819 2137 cum
1849 2102 2001 2136 exercitu
2031 2112 2132 2134 cursu

593 2165 699 2199 citato
737 2163 934 2211 profectus,
979 2175 1096 2203 mane,
1138 2161 1218 2196 dum
1255 2161 1411 2197 homines
1452 2161 1521 2197 talc
1567 2160 1651 2211 quid
1689 2161 1828 2196 minime
1868 2158 2131 2208 exspectabant,

701 2270 724 2315 ¹)
751 2272 853 2317 φὴς»
879 2271 910 2303 d.
1018 2268 1041 2312 2)
1070 2281 1168 2314 effi>
1194 2274 1226 2307 b.
1262 2273 1387 2306 cades
1415 2274 1458 2306 M.
1566 2270 1589 2314 3)
1617 2270 1704 2312 <1425
1730 2273 1762 2305 h.
1785 2270 1867 2311 sums
1901 2269 1933 2302 d.
1960 2281 1985 2300 e.
2010 2266 2080 2306 &25
2105 2280 2129 2297 ‹-,

600 2323 623 2362 4)
647 2330 744 2366 ow>
770 2322 815 2366 :el
845 2321 861 2360 [Δ.
886 2322 932 2361 ὼ
957 2321 992 2364 335
1022 2323 1055 2355 b.
1082 2321 1113 2354 d.
1141 2336 1167 2357 c.
1275 2323 1301 2367 ⁵)
1327 2323 1481 2367 ιεῃωῖ,
1502 2343 1536 2351 -
1563 2343 1598 2351 .-
1618 2320 1717 2371 ΑΔΗ-..5
1741 2342 1774 2349 -
1797 2333 1823 2354 c.
1926 2317 1951 2360 6)
1977 2316 2066 2367 ῥιμῑ
2092 2336 2123 2343 .-

597 2377 627 2407 l».
654 2371 685 2404 «l.
713 2386 740 2405 c-
